Instrument,Price,Quantity,Timestamp,Trade Reference,Instrument Type,Underlying Asset,Client Reference
CADAUD,0.9407,402,1499202074,,,UA_10,
JPYCAD,0.0114,5199,1498919428,TR_4,BUY,UA_10,
GBPJPY,160.1662,8133,1499049491,TR_4,,UA_3,
GBPAUD,1.7924,895,1498898550,,,UA_4,CR_3
NZDGBP,0.5573,946,1499139926,,,,CR_1
USDJPY,110.1189,7454,1499044482,TR_2,,,
GBPAUD,1.4809,1027,1499168853,TR_2,SELL,UA_10,CR_3
CADGBP,0.61,1540,1499013165,TR_4,BUY,,CR_3
USDZAR,12.6314,908,1499161175,,BUY,UA_6,
EURZAR,15.6652,3759,1499043879,TR_1,BUY,,
NZDGBP,0.5183,3107,1498986817,,BUY,UA_9,
CADEUR,0.679,1938,1498998648,,BUY,,
ZARJPY,8.0397,7883,1498992586,TR_3,BUY,UA_2,CR_1
EURJPY,132.0183,2242,1499021736,TR_3,,,CR_1
JPYCHF,0.0079,8339,1498920800,TR_3,,,
JPYGBP,0.0062,7940,1499137814,TR_5,BUY,UA_7,
CHFZAR,14.2195,1713,1499141964,,,UA_8,
EURNZD,1.4647,5674,1499032309,,,UA_6,CR_2
NZDUSD,0.7451,2231,1499202910,,,UA_1,CR_1
JPYEUR,0.0077,8391,1499073035,,,UA_1,CR_3
AUDJPY,93.8277,2200,1499021867,TR_1,SELL,UA_2,CR_1
GBPJPY,137.4388,3877,1499124166,TR_5,,,
AUDEUR,0.6778,9750,1499150959,,SELL,UA_6,
CADZAR,9.9255,9133,1498932953,,SELL,,
CHFGBP,0.7797,9436,1498955228,TR_4,,UA_3,
ZARGBP,0.0529,4244,1499194837,,SELL,,CR_2
EURNZD,1.6317,1212,1499124641,TR_4,,UA_10,CR_3
AUDCAD,0.9167,2844,1499077639,TR_2,BUY,,
NZDGBP,0.5251,3631,1498972541,TR_4,BUY,,CR_2
JPYNZD,0.0121,2756,1499047230,TR_4,SELL,UA_1,CR_1
JPYEUR,0.0077,503,1498957477,TR_1,BUY,UA_2,CR_1
AUDJPY,93.2007,4629,1499027235,,,UA_4,
GBPEUR,1.0369,574,1499086401,TR_4,SELL,,
CADAUD,0.9612,9456,1498930820,TR_2,,UA_10,CR_1
GBPZAR,17.754,9352,1499131499,,,UA_3,CR_1
GBPUSD,1.1883,1390,1499136723,,,,CR_2
EURCHF,1.1096,6074,1498951456,,SELL,,
AUDZAR,10.8722,172,1499158424,TR_4,,,CR_1
CADEUR,0.647,6111,1499100894,TR_5,,UA_1,CR_1
JPYEUR,0.0073,1364,1499005128,TR_3,BUY,UA_10,CR_1
CHFZAR,14.5363,6056,1499177038,TR_2,,,CR_1
NZDJPY,77.2802,6326,1498939850,TR_2,SELL,,
EURGBP,0.8206,3751,1498958357,,,UA_9,CR_2
EURJPY,140.559,4033,1499148500,TR_2,,UA_1,CR_1
AUDUSD,0.8392,9309,1499198502,,,,
NZDCAD,0.8824,6309,1499006067,,SELL,,CR_2
AUDUSD,0.8001,5066,1499127702,,BUY,,CR_3
EURNZD,1.578,9547,1499008349,,,,CR_3
GBPUSD,1.1895,3539,1498924330,,SELL,UA_3,CR_3
ZARJPY,8.6794,9390,1499192429,TR_2,BUY,UA_2,
JPYCAD,0.0102,8165,1498910414,,,UA_7,
EURCHF,1.1818,4396,1499107012,,SELL,UA_5,CR_3
CADZAR,10.6087,8384,1499213865,,SELL,,CR_1
EURAUD,1.5477,667,1499018426,TR_3,BUY,,CR_3
CHFCAD,1.2739,7316,1499143227,,BUY,,CR_3
ZARCAD,0.0863,4224,1499009526,TR_3,,UA_9,CR_1
NZDZAR,10.5296,4444,1499057661,,SELL,,CR_3
CADAUD,0.9861,6415,1499013154,,SELL,,CR_2
GBPCAD,1.5212,9312,1499138248,TR_5,BUY,,
EURCAD,1.5919,7534,1499000889,,SELL,UA_10,CR_1
JPYCHF,0.0096,8728,1498947638,TR_1,SELL,UA_2,CR_1
CADUSD,0.7735,7174,1498942055,TR_5,BUY,UA_9,CR_2
EURZAR,16.5701,3081,1499058238,,SELL,UA_8,
ZARCHF,0.0708,1087,1499177938,,BUY,,CR_1
JPYGBP,0.0074,8351,1498992322,TR_1,SELL,UA_6,CR_3
CHFNZD,1.4222,1909,1498962642,,SELL,UA_10,
ZAREUR,0.0687,9983,1499157905,,,,
USDCAD,1.3562,5101,1498936606,TR_2,BUY,,
AUDZAR,11.2647,8281,1499201600,TR_5,SELL,UA_4,
ZAREUR,0.0641,3915,1499166274,,BUY,,CR_2
NZDJPY,88.4113,9230,1499171646,,,UA_3,CR_1
GBPCHF,1.267,7380,1498954622,,,,
CHFJPY,118.9082,4765,1498984320,TR_1,,,CR_2
JPYCHF,0.0092,5261,1498911757,,SELL,,CR_2
NZDCHF,0.77,4325,1498981628,,,UA_8,CR_3
JPYCAD,0.0115,8564,1499077127,,,UA_6,
CHFGBP,0.7348,6522,1499053670,,SELL,UA_2,CR_1
EURZAR,15.5479,6222,1498933662,TR_2,,UA_8,
JPYZAR,0.1072,6310,1498900572,,SELL,,CR_2
USDJPY,101.2215,9541,1498902244,,BUY,,CR_2
NZDGBP,0.5633,4969,1499118802,,SELL,UA_10,
GBPCHF,1.2075,4029,1499017361,TR_1,,,
USDAUD,1.1545,3933,1499042101,TR_1,,,CR_2
GBPCAD,1.6753,8247,1498968202,TR_1,SELL,UA_4,CR_2
AUDUSD,0.7972,22,1498897560,TR_5,,UA_1,CR_3
CHFEUR,0.8184,7114,1499172141,TR_4,SELL,UA_8,CR_2
USDCAD,1.1378,5250,1498950639,TR_3,,UA_8,CR_2
EURCHF,1.1142,519,1499082440,TR_3,,UA_8,CR_2
CADCHF,0.7316,3623,1499027859,,,UA_10,CR_1
NZDCHF,0.7243,525,1499147192,,BUY,,
NZDUSD,0.8229,7674,1499075241,,BUY,,
EURCHF,1.0611,7482,1499033329,TR_2,,,
ZARJPY,8.4502,4000,1498962363,,BUY,UA_1,
GBPAUD,1.7954,8220,1499005022,TR_3,,,CR_2
ZARAUD,0.0889,8274,1498970291,,BUY,,CR_1
ZARCHF,0.0761,3465,1499042807,TR_4,,,CR_3
AUDCAD,1.0882,2876,1499150294,,,UA_2,CR_2
EURJPY,130.6954,7360,1499021857,,,,CR_2
USDEUR,0.8934,1158,1499082852,,SELL,UA_3,
NZDJPY,84.8734,7897,1499015531,TR_2,SELL,,CR_3
ZARCAD,0.0869,2945,1498932756,,,,CR_2
ZAREUR,0.0596,1626,1498969552,TR_1,SELL,,CR_1
CHFUSD,0.9723,7537,1498901245,,SELL,UA_4,
ZARJPY,8.7801,7788,1499150812,,,UA_9,
NZDEUR,0.5806,78,1499043332,,SELL,UA_10,
USDCHF,0.9831,5033,1499121741,TR_2,,,CR_2
CHFUSD,1.0049,8910,1499082147,,SELL,,
USDNZD,1.379,2800,1498946238,,,,CR_1
GBPCAD,1.5781,5111,1499080801,TR_4,,UA_2,CR_3
JPYCAD,0.0119,3746,1499164256,,SELL,,
AUDEUR,0.728,5328,1499014570,TR_2,,UA_4,
GBPCHF,1.1569,4262,1499167019,TR_2,BUY,UA_3,CR_2
JPYZAR,0.1291,7257,1498954558,,,,CR_1
ZARUSD,0.081,3701,1499015722,,,,
CADZAR,10.8484,5915,1499103812,,,UA_2,CR_2
EURJPY,139.8611,7150,1499057284,,SELL,,CR_2
CADJPY,91.2935,1607,1498901360,TR_1,,,CR_2
NZDCAD,0.8886,3413,1499095594,,,,CR_3
NZDZAR,9.9648,9227,1498985736,,BUY,UA_2,
NZDCAD,0.9795,6870,1499091784,,SELL,,
ZARCAD,0.0858,2711,1499066038,TR_5,,UA_2,CR_3
GBPZAR,15.5492,1438,1498953024,TR_2,BUY,UA_3,CR_3
CADEUR,0.6822,2641,1499097189,,SELL,,CR_2
AUDCHF,0.8288,6669,1499100609,,,UA_2,CR_2
AUDGBP,0.6379,4378,1498908485,,,UA_4,
EURGBP,0.9112,3925,1498946907,,SELL,UA_3,
GBPNZD,1.86,2573,1498956124,,,,
GBPUSD,1.272,3425,1499015830,TR_3,,UA_8,CR_3
CHFEUR,0.9395,9593,1499153165,TR_2,SELL,,
USDZAR,11.8792,3333,1498969939,TR_3,BUY,UA_6,
AUDUSD,0.867,625,1499021592,,,,
AUDEUR,0.7347,6853,1498918013,TR_1,,,
GBPNZD,1.8928,9753,1498997701,TR_2,,UA_4,CR_1
NZDCHF,0.711,2342,1499105278,,,UA_3,
CHFJPY,119.7494,2880,1499196353,TR_2,BUY,,
CHFNZD,1.326,6748,1499177858,TR_4,BUY,,
JPYGBP,0.007,6246,1499184612,,,UA_2,
CHFNZD,1.2952,216,1499104365,TR_1,BUY,UA_10,
CADZAR,11.0685,3306,1498929898,,,UA_3,
CHFAUD,1.1831,2875,1499173759,TR_2,,UA_5,
EURGBP,0.9151,6633,1499172578,TR_5,,UA_5,
NZDGBP,0.6008,4812,1499070057,TR_2,,UA_6,CR_2
USDCHF,1.0229,8754,1498920339,,BUY,UA_4,CR_3
ZARUSD,0.079,2786,1499207403,TR_5,,,CR_3
CADCHF,0.7252,3881,1499126331,TR_2,BUY,UA_3,CR_1
AUDZAR,9.7516,958,1499172301,,BUY,,CR_2
JPYZAR,0.1212,6957,1499061138,,,UA_7,CR_3
AUDEUR,0.7346,3421,1499063068,,,UA_9,CR_2
ZARAUD,0.0921,5255,1499046604,TR_2,BUY,UA_1,CR_1
CADJPY,97.5481,469,1499195308,,BUY,UA_6,CR_1
NZDJPY,89.9272,1418,1499062068,,,UA_2,
JPYUSD,0.0099,2684,1499004089,,SELL,,
USDNZD,1.3708,9613,1499207166,,SELL,,CR_3
EURUSD,1.1894,1526,1499194750,,,UA_2,CR_3
JPYEUR,0.0077,4228,1498966289,TR_1,,UA_5,CR_1
AUDJPY,85.841,9705,1498914454,,BUY,UA_7,
JPYGBP,0.0068,2378,1499208001,TR_3,SELL,,CR_2
JPYAUD,0.0108,7313,1498905636,,SELL,UA_6,
GBPCHF,1.2518,9712,1499010211,,SELL,UA_2,
NZDZAR,9.2519,1946,1498973328,TR_1,BUY,UA_6,CR_2
CHFAUD,1.2722,7337,1499139215,TR_5,,,
JPYCAD,0.0102,8610,1499009200,TR_2,,UA_10,CR_1
EURZAR,14.4256,6799,1499145866,TR_1,SELL,UA_10,
EURAUD,1.5536,5651,1499171677,,BUY,,
GBPJPY,146.8109,6851,1498955854,,SELL,,CR_3
CHFUSD,1.062,2748,1499202887,TR_2,,,CR_2
CHFEUR,0.9087,5341,1499192192,,SELL,,
USDZAR,12.7254,5231,1499082341,TR_1,,UA_2,CR_2
ZARGBP,0.0563,5132,1498909758,,,UA_5,
GBPEUR,1.1635,3458,1499038137,,BUY,,CR_1
CADGBP,0.5566,1964,1499200663,TR_5,,,
ZARAUD,0.1035,534,1499160456,,SELL,,CR_1
JPYCHF,0.008,7605,1499023016,TR_4,SELL,,
JPYZAR,0.1127,3033,1498999171,,BUY,UA_3,
AUDJPY,85.1512,9372,1499184578,,,UA_8,CR_3
JPYAUD,0.0106,7124,1498901261,TR_3,SELL,UA_7,CR_3
NZDEUR,0.6754,1348,1498946867,TR_1,BUY,UA_5,
GBPCHF,1.2386,4415,1498907395,,BUY,,
AUDEUR,0.6293,8808,1499084598,,BUY,,
GBPCHF,1.1745,3489,1498916302,TR_4,,,
GBPZAR,18.5873,2610,1499158534,TR_3,SELL,,
ZARGBP,0.0615,3870,1499004123,TR_4,,UA_4,
CHFAUD,1.3708,1376,1499004208,,,,CR_1
NZDCHF,0.6835,4353,1499048248,TR_4,SELL,,
EURGBP,0.9499,7067,1499207623,,,,
JPYGBP,0.0072,5490,1498973995,TR_4,,,CR_3
JPYCAD,0.0119,5291,1498912666,TR_2,SELL,UA_1,CR_2
GBPUSD,1.2855,6122,1499069952,TR_3,,UA_3,
NZDEUR,0.6203,6925,1498995004,,BUY,,CR_3
ZARCAD,0.0916,7638,1499057220,,BUY,,
CHFEUR,0.9571,2636,1499192231,TR_2,SELL,,CR_2
AUDZAR,10.6671,110,1499211581,TR_2,,UA_6,
AUDJPY,83.7579,338,1499028200,,BUY,,
JPYUSD,0.0091,2200,1499146234,,BUY,,CR_2
GBPZAR,17.7434,3131,1498945854,,SELL,,
CADJPY,92.1403,3929,1499030559,,,UA_10,
CADAUD,0.9626,7185,1499054472,,,,CR_2
EURAUD,1.6089,6411,1499033707,,,UA_5,CR_1
EURZAR,14.3547,7997,1499203864,TR_1,SELL,,
EURZAR,14.8355,9699,1499185248,TR_2,BUY,,CR_1
EURUSD,1.1115,6124,1498935000,,,UA_2,CR_2
ZARAUD,0.0989,1722,1498947914,TR_1,SELL,,CR_2
USDEUR,0.8043,7429,1498965423,,,UA_8,
USDCAD,1.2845,5717,1499046900,TR_3,,,
CADCHF,0.8376,9983,1499131008,TR_3,,,
JPYCHF,0.0087,6392,1499074997,TR_2,,UA_6,
NZDUSD,0.7326,1527,1498906879,,SELL,UA_1,CR_1
NZDEUR,0.593,3059,1499117634,,,UA_7,
NZDEUR,0.6948,3512,1499162385,TR_5,SELL,,
USDAUD,1.2493,6102,1498978632,TR_2,,,CR_2
NZDZAR,9.1015,7246,1498895307,TR_3,BUY,,
ZARUSD,0.0809,813,1499086308,,,UA_10,
JPYUSD,0.009,7577,1499122292,,SELL,UA_7,CR_1
USDGBP,0.7529,4931,1499016994,TR_3,,,
JPYUSD,0.0087,5397,1499055528,,SELL,UA_9,
AUDCHF,0.7894,2677,1499112961,TR_1,SELL,UA_10,CR_2
ZARUSD,0.0827,7139,1499081363,,SELL,UA_8,CR_2
GBPUSD,1.2562,2468,1499154101,,BUY,,
CHFGBP,0.818,1304,1498992269,,BUY,UA_10,
CHFEUR,0.8641,9855,1499191461,,,UA_4,
CHFJPY,120.8158,7976,1499212317,,SELL,UA_4,
NZDEUR,0.6624,5723,1499022689,TR_5,BUY,,
NZDGBP,0.5175,2276,1498945605,TR_4,,,CR_2
AUDGBP,0.6086,1025,1498966877,,,UA_2,
EURCAD,1.5647,6651,1499012245,TR_3,,,CR_2
AUDJPY,92.2467,8995,1499153414,TR_3,,UA_5,
CHFAUD,1.1942,7439,1499158549,TR_3,SELL,UA_3,
GBPZAR,15.4571,2537,1498930790,,BUY,UA_5,
USDCHF,0.9593,3285,1499127893,TR_5,BUY,,CR_1
EURAUD,1.59,3834,1499071270,,,UA_1,
JPYAUD,0.0108,8301,1499027879,TR_3,,,
CHFUSD,1.0593,468,1499189939,,BUY,,CR_1
ZARCHF,0.0735,6763,1499040206,,,,
USDEUR,0.9345,989,1499132866,TR_5,,,
AUDCHF,0.7388,6112,1499194194,,,,CR_1
CHFAUD,1.2588,7042,1499011524,,,,
JPYAUD,0.0108,799,1499142718,TR_4,,UA_4,
EURUSD,1.2781,3354,1499069962,,,,
ZARNZD,0.1107,1574,1499178534,,,,
USDZAR,13.1382,9904,1499140671,TR_3,,,CR_3
GBPEUR,1.0409,9501,1499087854,,BUY,UA_5,
ZARCHF,0.0805,9890,1499017841,TR_1,BUY,UA_2,
EURGBP,0.9697,9975,1498914218,TR_5,SELL,,
EURAUD,1.6035,6380,1499181291,TR_5,,,CR_2
AUDZAR,9.6849,7917,1498987048,,BUY,UA_2,CR_2
GBPNZD,1.8971,6184,1499019240,TR_5,BUY,UA_1,
GBPCHF,1.1751,4812,1499212381,TR_1,,UA_1,CR_3
CHFZAR,14.3994,1648,1499066719,,,UA_8,
ZARUSD,0.0742,2624,1498960936,TR_1,BUY,UA_8,CR_2
JPYGBP,0.0071,6402,1498988646,,BUY,UA_7,
CADJPY,96.601,9031,1499103076,,BUY,,CR_2
ZARJPY,8.1104,4465,1498991408,TR_2,SELL,UA_6,CR_2
NZDJPY,88.0209,2074,1498962274,,SELL,UA_9,CR_3
USDNZD,1.2507,6380,1499207371,,,UA_8,CR_3
EURJPY,124.9106,1475,1499079864,,SELL,UA_9,
AUDNZD,1.1607,7532,1499034243,,,,
AUDCAD,0.957,8140,1498950790,,BUY,UA_9,CR_3
JPYZAR,0.1146,1559,1499201884,TR_1,SELL,,
USDZAR,12.0069,1608,1498918114,,,,CR_3
GBPUSD,1.3624,9950,1499056501,TR_4,SELL,,
JPYZAR,0.1186,2312,1499084530,TR_5,,UA_2,
EURZAR,14.4892,1082,1499108666,,BUY,,
CHFNZD,1.3334,967,1498896100,TR_1,,UA_2,CR_1
CADAUD,1.0321,8423,1499172289,TR_3,,UA_6,
NZDAUD,0.859,9479,1499090692,,SELL,UA_8,
AUDNZD,1.0476,3276,1499196491,TR_5,,UA_1,
GBPCAD,1.692,525,1499210505,,SELL,UA_2,
EURUSD,1.1968,6184,1499049442,TR_4,SELL,UA_8,CR_3
JPYUSD,0.0089,5834,1498968631,,BUY,UA_8,
CHFEUR,0.8459,4675,1499128762,,,UA_9,CR_2
USDCAD,1.3356,8537,1499162093,TR_3,,,CR_1
ZARJPY,7.9628,5489,1498928601,TR_1,SELL,UA_6,CR_2
GBPEUR,1.0697,5382,1499118877,TR_2,,UA_1,CR_3
EURGBP,0.913,8871,1499113365,,,UA_4,CR_3
NZDCHF,0.6598,4339,1498998013,TR_5,,UA_3,
EURCHF,1.1934,8389,1499140962,,SELL,UA_1,
CHFUSD,1.0027,2375,1498995727,TR_3,,,CR_2
AUDCAD,1.0751,4864,1499101738,TR_3,SELL,UA_9,
GBPCHF,1.2568,9224,1499052419,,,,CR_2
NZDJPY,88.4119,3841,1499052078,,SELL,,
AUDCHF,0.8354,8745,1498906978,,,UA_5,
CADAUD,0.9576,1516,1498895738,,SELL,,
EURJPY,124.5104,6734,1499073755,TR_5,BUY,,CR_2
EURCAD,1.5564,7993,1499200116,TR_1,BUY,,CR_3
EURAUD,1.5293,9143,1498956699,,SELL,UA_2,
USDGBP,0.7134,1880,1499180656,,SELL,,CR_3
CHFUSD,1.0122,5441,1499185826,,BUY,,
AUDJPY,92.7938,3739,1499161037,TR_3,BUY,,CR_2
EURZAR,14.4302,8172,1499072296,TR_3,SELL,,CR_1
CADNZD,1.1415,8307,1499077267,TR_2,BUY,UA_8,
AUDCAD,0.934,645,1498982375,,,,CR_3
GBPCAD,1.7806,7144,1499073641,TR_2,,,CR_1
JPYEUR,0.0082,5794,1499094657,,SELL,UA_6,CR_1
ZARNZD,0.1006,1115,1499007365,TR_1,SELL,,CR_2
NZDJPY,91.4841,7809,1498930740,TR_4,BUY,,
NZDCHF,0.7698,2270,1499152041,,,UA_4,
USDJPY,109.4554,2374,1498909624,,BUY,,
GBPCAD,1.6994,3019,1498978179,,,,
EURAUD,1.4112,969,1499064401,,SELL,UA_3,CR_3
GBPAUD,1.5967,4430,1499104551,TR_3,BUY,UA_1,CR_3
USDGBP,0.7494,1684,1499095965,TR_5,,UA_9,
EURUSD,1.077,5273,1498975436,TR_1,,,CR_3
AUDJPY,92.0847,2685,1499165687,,BUY,,CR_2
JPYNZD,0.0131,7992,1499001202,,,UA_2,CR_2
JPYUSD,0.0098,1642,1499003927,TR_1,,UA_7,
GBPCAD,1.5022,1117,1499195339,TR_5,,,CR_2
NZDCHF,0.6764,1868,1499182604,,,UA_7,
JPYGBP,0.0072,9133,1499048215,TR_2,,,CR_1
JPYGBP,0.0071,4940,1499123500,TR_4,BUY,,CR_2
USDAUD,1.1277,427,1499200288,,,UA_3,CR_1
CADNZD,1.077,8900,1499062220,,,UA_8,CR_1
EURUSD,1.0637,3605,1499129139,TR_2,BUY,UA_9,
CADZAR,9.6267,6107,1498894652,TR_3,BUY,UA_3,CR_2
ZAREUR,0.0667,9886,1498943836,TR_2,SELL,UA_8,CR_1
CADGBP,0.5754,6538,1498902694,TR_2,SELL,,CR_2
AUDZAR,11.1263,5788,1499158893,,SELL,,
ZARNZD,0.1079,8757,1498981277,,,,CR_2
GBPAUD,1.7403,3634,1499199571,TR_2,BUY,,
GBPCHF,1.315,3100,1499088245,,,UA_10,CR_1
CHFAUD,1.2844,6456,1498971704,TR_3,,,CR_1
NZDGBP,0.5895,8457,1499008070,,SELL,UA_3,CR_2
GBPUSD,1.2055,3932,1498960648,,SELL,,CR_1
USDEUR,0.8192,2432,1499043891,TR_1,SELL,UA_6,
GBPNZD,1.8061,8702,1499082601,TR_1,,,
CHFEUR,0.8871,5624,1498896608,,SELL,UA_9,CR_3
USDJPY,112.9386,1100,1499087138,TR_2,,UA_7,
GBPEUR,1.1936,8169,1498954572,TR_5,,UA_5,
GBPNZD,1.6872,6367,1499206811,,,UA_8,CR_2
AUDZAR,10.9081,2682,1499180899,,,UA_3,CR_3
USDEUR,0.8486,4467,1499000372,TR_4,BUY,UA_4,CR_2
EURCHF,1.2524,5175,1499190426,,,,CR_1
CADAUD,0.932,3714,1499148742,TR_4,BUY,UA_3,CR_1
JPYEUR,0.0077,6826,1498973220,TR_4,BUY,UA_9,
EURNZD,1.4341,5552,1499016689,TR_1,BUY,UA_9,
EURCHF,1.1083,8280,1499132403,TR_4,,,CR_3
CHFEUR,0.8514,6284,1499178809,TR_4,SELL,UA_3,
CHFZAR,12.3885,2363,1499021659,,,UA_5,
GBPAUD,1.6984,3189,1498922734,TR_5,SELL,UA_3,
NZDAUD,0.9091,1398,1498901553,TR_1,SELL,,CR_3
NZDGBP,0.5368,752,1499112655,TR_4,SELL,,
NZDZAR,10.3014,8408,1499101133,,BUY,UA_8,CR_2
CHFAUD,1.4108,7855,1499090557,,SELL,UA_10,
ZAREUR,0.0631,9371,1499097804,TR_4,,,CR_2
CADGBP,0.5694,246,1499054531,,BUY,,CR_2
AUDUSD,0.8136,9846,1498994709,TR_4,BUY,,CR_2
EURAUD,1.4917,1963,1499203172,TR_3,BUY,UA_3,CR_1
EURCHF,1.1211,7593,1499061732,,SELL,,
AUDCHF,0.8213,1439,1499103884,,,,CR_2
CADGBP,0.6726,5099,1499043812,TR_3,,,CR_3
JPYNZD,0.0115,7454,1499204949,,,,
CHFCAD,1.3055,4551,1499022296,TR_5,BUY,UA_10,
GBPNZD,1.9155,5583,1499110280,TR_3,,,CR_1
GBPCAD,1.5906,523,1498968063,,,UA_6,CR_1
EURJPY,138.736,4001,1499153529,TR_2,SELL,UA_6,
ZARJPY,8.4872,7246,1499125774,,BUY,UA_6,CR_1
ZARUSD,0.0761,1306,1498928497,TR_1,,,CR_3
AUDGBP,0.5659,6521,1499021624,TR_1,,UA_9,CR_2
CADAUD,1.1043,6482,1499024857,,,,
CADNZD,1.0658,4357,1499175153,TR_4,,UA_4,
EURJPY,118.1468,9984,1498999496,TR_4,,UA_6,
AUDJPY,80.2266,7630,1498941580,,BUY,,
CADUSD,0.8704,2215,1498895015,TR_4,BUY,UA_6,CR_3
AUDJPY,88.7859,5841,1499008039,TR_5,,,CR_1
AUDZAR,11.3766,3566,1499145310,,BUY,UA_7,CR_3
GBPCAD,1.6583,4802,1499017683,TR_1,,,CR_3
JPYZAR,0.1093,3262,1499161987,TR_2,,UA_2,CR_2
EURGBP,0.8226,6111,1499013982,TR_4,SELL,,
CHFCAD,1.2166,5805,1499023174,TR_4,SELL,,
NZDEUR,0.6336,3644,1499208205,,BUY,UA_1,
JPYZAR,0.106,7193,1498985256,TR_5,,UA_2,
AUDCAD,0.9107,6701,1499203210,TR_4,,,
EURCHF,1.1488,7381,1499037704,TR_4,,UA_8,
CADEUR,0.7189,8908,1499159190,,SELL,UA_5,
NZDUSD,0.6855,9277,1499192768,TR_1,SELL,UA_5,
AUDEUR,0.7374,3560,1499141185,TR_2,,UA_8,CR_1
JPYNZD,0.0109,2771,1499154242,,,,CR_1
USDCAD,1.2857,5661,1499067984,TR_5,SELL,,CR_3
GBPAUD,1.7657,4659,1499164998,,,UA_6,
JPYEUR,0.0074,4222,1499031020,TR_3,BUY,UA_3,CR_3
USDAUD,1.3458,5276,1499177482,TR_5,BUY,UA_10,
USDCAD,1.1776,5588,1498895702,TR_5,,UA_4,
JPYEUR,0.008,4851,1499070495,TR_1,,UA_6,CR_2
CADCHF,0.7522,7014,1499043996,TR_5,,,CR_3
ZARGBP,0.0635,238,1499017745,,BUY,UA_5,CR_3
USDEUR,0.9063,1233,1499094959,TR_5,,UA_2,CR_3
EURGBP,0.9445,1873,1499178380,,BUY,,
CHFUSD,0.9866,7353,1499048663,,,,
CHFGBP,0.8437,7595,1499013620,TR_4,,,CR_3
CHFZAR,12.3953,6552,1499037644,,,,CR_2
NZDCHF,0.7958,4960,1499084868,,,,
EURCHF,1.1778,1754,1499104453,,BUY,UA_10,
NZDCAD,0.9546,744,1499070565,,,UA_10,
NZDCAD,0.8484,9859,1499029747,TR_4,,UA_8,CR_2
ZARGBP,0.0618,5076,1498902906,TR_3,,UA_5,
USDNZD,1.3947,3845,1498987046,TR_1,,UA_9,CR_1
USDCHF,0.9309,9280,1498946549,,BUY,,CR_1
CHFUSD,1.0939,8574,1499066439,TR_1,BUY,,CR_2
GBPAUD,1.5442,9833,1499135560,TR_4,,,CR_3
USDNZD,1.2801,9399,1499099481,TR_4,,,
CHFCAD,1.3868,763,1498948710,,SELL,UA_6,CR_3
CHFNZD,1.3119,6285,1499041485,TR_2,BUY,,CR_2
GBPCAD,1.5621,172,1499062925,,BUY,,CR_2
CHFNZD,1.2835,7060,1498910987,,,,CR_1
USDNZD,1.2148,6236,1499041456,TR_5,SELL,UA_7,CR_3
ZAREUR,0.0627,603,1499108557,TR_3,,,CR_1
EURZAR,16.0321,4340,1498894845,TR_3,,UA_8,
USDCAD,1.3165,4831,1499012174,TR_5,SELL,UA_2,CR_1
GBPNZD,1.5861,5676,1499104425,,,,
GBPCAD,1.6809,9005,1499066320,TR_3,,UA_8,CR_2
NZDGBP,0.5618,4851,1499136120,,,,CR_1
ZARJPY,8.02,3689,1499078684,TR_1,,UA_9,CR_3
GBPUSD,1.3057,8100,1499001256,,,UA_6,
AUDJPY,95.5355,8840,1498953477,TR_1,,,
CHFUSD,1.0886,8733,1499132676,,,UA_5,
ZARGBP,0.0616,5397,1499121123,,,UA_2,CR_2
NZDAUD,1.0027,2538,1498936277,,SELL,,
GBPCHF,1.1684,4571,1499151959,TR_2,BUY,UA_6,
GBPCHF,1.1532,6070,1498904484,TR_2,,,
USDEUR,0.8842,6533,1499032022,TR_3,,UA_8,
NZDAUD,0.9081,1746,1499002581,,,UA_5,CR_2
CHFGBP,0.8234,6886,1498917808,TR_3,,UA_3,CR_1
GBPCAD,1.783,6309,1498978849,TR_3,,,CR_2
CHFCAD,1.1546,1612,1499035319,TR_5,,,
CADNZD,1.1783,1614,1499172366,,SELL,UA_1,
CADCHF,0.7994,4785,1498982748,TR_4,BUY,,CR_1
CHFNZD,1.3688,7268,1499126999,,SELL,,CR_2
NZDGBP,0.6217,9483,1499045468,,,UA_1,CR_1
AUDZAR,11.1588,5782,1499073536,TR_4,BUY,UA_10,
USDGBP,0.7033,6989,1499096115,TR_4,BUY,UA_4,
NZDUSD,0.7364,7248,1498894268,TR_5,,UA_4,
CADCHF,0.7252,4122,1498911194,,,,
USDAUD,1.1543,2788,1498896259,TR_3,BUY,UA_9,CR_2
CHFJPY,117.4163,2457,1498982686,TR_2,,UA_5,CR_2
EURJPY,130.7779,2068,1498930194,TR_1,,,
CHFEUR,0.9137,7831,1499027424,TR_3,BUY,,CR_3
NZDCHF,0.7823,3945,1498895742,TR_5,SELL,,CR_2
CHFJPY,123.0974,2371,1499051487,,BUY,UA_4,CR_3
EURCAD,1.326,4949,1499036216,TR_2,BUY,UA_1,
GBPUSD,1.2805,6042,1498994960,,,UA_3,
CADUSD,0.7344,9997,1498999900,TR_1,SELL,,CR_3
USDAUD,1.1726,1257,1499083612,TR_1,,UA_1,
GBPEUR,1.0647,4703,1499026550,,BUY,UA_6,CR_1
AUDEUR,0.6479,528,1498990113,,BUY,,CR_3
AUDCAD,0.9452,5437,1499095127,,SELL,,CR_3
USDGBP,0.791,7216,1498944748,TR_2,,,
NZDEUR,0.5803,6546,1499053051,,BUY,UA_10,CR_2
CHFAUD,1.3431,4376,1499025632,,,,
ZARJPY,8.5651,6732,1499134730,TR_3,,,CR_2
AUDCAD,0.8953,2333,1498936512,TR_3,,UA_2,
AUDZAR,9.4553,8505,1499050547,,,UA_10,CR_3
GBPUSD,1.2947,4928,1499041776,,,UA_9,
AUDCAD,0.9363,3538,1499009381,,SELL,UA_3,CR_1
JPYCAD,0.0111,8348,1499184281,TR_3,,,
EURGBP,0.8233,7952,1498986524,TR_5,BUY,,
AUDUSD,0.7377,3939,1499181999,,,,CR_3
NZDCAD,0.949,4103,1499030867,TR_1,,,
CADZAR,9.908,4625,1498904858,TR_3,BUY,,CR_1
NZDUSD,0.7882,147,1499204778,TR_1,,UA_10,
NZDCAD,0.8721,8510,1498962914,TR_5,,,
CHFUSD,1.0154,2843,1499007604,TR_1,SELL,UA_5,CR_1
EURJPY,142.5928,279,1499118809,,,UA_3,
ZARNZD,0.1017,9617,1499050297,TR_5,SELL,UA_2,CR_1
USDNZD,1.2516,5960,1498934460,,BUY,,
JPYCHF,0.0082,1019,1499023502,,,UA_3,CR_1
USDEUR,0.7851,5829,1499039998,TR_2,SELL,UA_10,CR_1
AUDCHF,0.7801,6736,1499196047,,BUY,UA_4,
JPYCHF,0.0094,4562,1499003908,,BUY,UA_2,
NZDCAD,0.9523,1962,1498965548,,,,CR_2
USDZAR,13.7438,2227,1499107402,TR_1,SELL,UA_5,CR_3
USDGBP,0.8293,1933,1499025626,,BUY,UA_2,
JPYEUR,0.0082,4418,1498912004,,,UA_2,
EURNZD,1.5696,8186,1499159989,,BUY,UA_2,
JPYCAD,0.0111,6070,1499080807,,BUY,,CR_2
ZARNZD,0.0919,2995,1498948350,TR_2,,UA_8,CR_1
CADUSD,0.7576,1329,1499044993,TR_1,BUY,UA_4,
CADAUD,0.9946,9338,1499156410,TR_1,,,CR_1
GBPUSD,1.4103,8625,1498944140,TR_5,BUY,UA_7,
GBPCHF,1.2173,9276,1499093255,,,UA_4,CR_2
EURNZD,1.5468,5370,1499188705,,,UA_3,
JPYAUD,0.011,7163,1499070996,,,UA_5,CR_1
CADZAR,9.8931,7475,1499165807,,,,
CADAUD,0.939,6,1498991470,TR_1,,UA_2,CR_3
EURNZD,1.4454,6620,1499003767,TR_1,,,
AUDJPY,97.4176,9302,1498941486,TR_1,,UA_8,
ZARJPY,8.9966,2658,1499011843,TR_4,,UA_10,CR_1
CADUSD,0.8143,5892,1499069002,,,,CR_2
NZDCAD,0.9147,7316,1499099530,TR_2,SELL,UA_9,CR_1
JPYUSD,0.0085,7326,1499059653,,,,
ZARAUD,0.1006,8408,1499030428,TR_3,,UA_8,CR_2
CADCHF,0.8561,3340,1499010857,TR_4,,UA_1,
CHFZAR,13.1485,5096,1499082460,,,UA_9,
AUDCHF,0.7617,247,1499177479,,SELL,UA_1,CR_1
JPYCHF,0.0087,2225,1498944705,,,UA_7,
JPYUSD,0.0085,9922,1498920324,TR_2,BUY,UA_8,CR_2
NZDCAD,1.0183,7276,1499166499,,BUY,UA_4,CR_3
ZARJPY,9.325,9246,1499017932,TR_1,,UA_7,
JPYUSD,0.0082,963,1499206071,TR_4,,,
JPYZAR,0.1286,5900,1499140379,,,,CR_2
CHFEUR,0.8407,8040,1499000364,,SELL,UA_6,
CADNZD,1.0335,3058,1498924343,TR_2,,,CR_1
NZDAUD,0.9014,7928,1498930610,,BUY,,
AUDCHF,0.8169,4450,1498922082,,,,
USDJPY,106.4204,3857,1499105719,TR_5,,UA_8,
CADUSD,0.8686,1156,1498967278,TR_4,,,
NZDJPY,91.3165,830,1498968037,TR_1,SELL,,CR_2
EURZAR,14.3102,593,1498946840,TR_4,,,
EURNZD,1.5308,4488,1498897830,,SELL,UA_10,CR_2
GBPCHF,1.1546,440,1498968346,,,UA_10,CR_3
GBPUSD,1.1964,8443,1499114050,,,,
NZDEUR,0.6556,6839,1499037980,TR_5,,,
GBPCAD,1.6277,2232,1499125538,,,UA_6,CR_3
GBPNZD,1.6429,6185,1498908662,,BUY,UA_10,
CADAUD,0.9293,8041,1499103264,,,,
NZDEUR,0.6056,9216,1499181152,TR_5,BUY,,
CHFGBP,0.8361,4642,1499200898,TR_2,BUY,,
ZARCHF,0.0727,7677,1499109932,TR_5,SELL,UA_7,
CHFJPY,103.7715,1363,1499044793,TR_4,,,CR_3
NZDGBP,0.6028,7487,1499037487,TR_5,BUY,,
AUDGBP,0.5802,6215,1498984970,,BUY,,
ZARUSD,0.0763,4963,1499009268,,,UA_7,
AUDCAD,0.9789,1589,1498921925,,,UA_7,CR_3
EURGBP,0.9581,6684,1499126571,TR_3,,UA_3,CR_3
AUDJPY,93.5969,9232,1498962132,TR_3,SELL,UA_9,CR_2
CADEUR,0.6551,2610,1499109775,,,,CR_2
GBPCAD,1.6338,592,1498935060,,SELL,UA_7,CR_1
CADNZD,0.9949,2640,1499033771,TR_3,,,CR_3
USDNZD,1.3813,5912,1499138027,,SELL,,CR_2
ZARAUD,0.102,4922,1499195237,,BUY,UA_6,CR_2
GBPUSD,1.4288,8099,1499184958,TR_2,,UA_2,CR_3
EURUSD,1.2024,2179,1499195657,TR_5,,,
GBPCAD,1.7131,2948,1499166561,,,UA_5,
GBPAUD,1.7799,1712,1498966405,TR_4,,,CR_1
ZARCHF,0.067,2197,1498910643,,,,
GBPAUD,1.5985,3501,1499174613,,SELL,UA_5,CR_1
CADGBP,0.579,4870,1499095638,TR_4,,UA_6,CR_3
EURZAR,16.1045,6614,1498995067,,SELL,UA_4,
NZDUSD,0.8196,9055,1498996727,TR_4,SELL,UA_2,CR_1
ZARNZD,0.1072,6781,1499125852,,BUY,UA_6,CR_3
AUDUSD,0.8565,5646,1499019735,,BUY,UA_2,CR_1
CHFGBP,0.7238,2555,1499055176,TR_4,SELL,,CR_1
GBPCHF,1.1553,6586,1499062578,,BUY,UA_7,CR_1
USDZAR,12.3375,800,1499191667,TR_3,,UA_3,
JPYNZD,0.0126,3852,1499072099,TR_2,,UA_9,
CHFNZD,1.3855,6440,1499134399,TR_5,,UA_6,CR_1
AUDCHF,0.7231,257,1499093505,TR_1,,UA_10,
CHFAUD,1.3227,8650,1499075765,,BUY,UA_8,CR_2
AUDCAD,0.9762,985,1499125542,TR_3,SELL,UA_8,CR_3
USDCAD,1.3484,6855,1498967107,,BUY,,CR_2
CADEUR,0.7122,5627,1499149428,,SELL,,CR_3
GBPUSD,1.2964,7894,1498908655,TR_1,SELL,UA_8,CR_2
AUDZAR,10.9335,4366,1499084052,TR_5,,UA_2,CR_3
NZDJPY,89.0574,6441,1499057101,TR_2,BUY,,CR_3
EURUSD,1.1977,7355,1498972596,,,,CR_1
USDAUD,1.2361,3440,1499194568,,,UA_7,
USDZAR,13.7671,5268,1499112360,,BUY,,
USDCAD,1.3176,9795,1499103068,TR_4,SELL,UA_4,CR_2
GBPNZD,1.6502,2791,1499176097,TR_4,BUY,,CR_2
CADNZD,1.1135,1869,1499066850,TR_2,BUY,,
AUDCHF,0.7862,2649,1498939606,TR_2,,UA_4,
EURCHF,1.0836,8676,1498972472,TR_4,,,CR_2
GBPCAD,1.4822,2101,1499101084,TR_3,,UA_4,CR_1
NZDUSD,0.782,2174,1498910826,TR_4,,,CR_1
AUDUSD,0.7351,5953,1499003476,,SELL,,
EURGBP,0.9236,3267,1498965409,,SELL,UA_3,
EURNZD,1.518,8451,1498964945,TR_2,,,
NZDCAD,0.983,7676,1499048246,TR_4,,,CR_3
CHFJPY,115.0681,1053,1499135877,,BUY,,
AUDGBP,0.5764,2814,1499124088,,SELL,,CR_3
CHFJPY,107.0467,7909,1498936299,TR_2,,UA_3,CR_2
CHFAUD,1.2732,2800,1499123445,TR_3,,UA_3,
GBPEUR,1.1153,6614,1499193390,TR_5,,,
CADUSD,0.8087,3157,1499000250,,SELL,UA_2,
CADJPY,93.3934,720,1499212926,,BUY,,CR_1
USDJPY,112.8488,8508,1498921757,TR_3,,,CR_3
JPYEUR,0.0071,7824,1498980563,,,UA_1,CR_2
EURUSD,1.1551,5600,1499048809,,BUY,UA_6,
AUDCHF,0.7537,3527,1499212499,TR_5,,,
ZARGBP,0.0543,3974,1499078282,,,UA_6,CR_1
CHFCAD,1.2411,1228,1499174616,TR_1,BUY,,CR_3
AUDGBP,0.6538,9102,1499037662,,,UA_6,
AUDGBP,0.6272,1520,1498979828,,SELL,UA_7,CR_3
AUDCHF,0.7152,5850,1498907557,TR_2,,,CR_2
JPYZAR,0.1107,4385,1498976342,TR_1,,UA_4,
AUDCHF,0.7984,603,1499139454,,,UA_5,CR_3
CHFJPY,118.1286,6463,1499192221,,SELL,,
ZARAUD,0.1,3895,1498962686,TR_3,,UA_1,
CADEUR,0.7189,6545,1499195361,,SELL,,CR_3
NZDCAD,0.9341,1741,1499015926,TR_4,,UA_10,CR_2
EURNZD,1.4709,3102,1498902051,TR_2,SELL,,CR_2
ZARNZD,0.0994,778,1499143625,,BUY,UA_10,
CHFGBP,0.7659,2381,1499010999,TR_1,SELL,,CR_2
CHFEUR,0.9319,5889,1499116418,,BUY,UA_10,
CHFUSD,1.1078,2571,1499204232,,,,
CADZAR,11.2573,7574,1499189210,,,UA_2,
EURNZD,1.4685,2101,1498994453,TR_3,,UA_9,CR_2
ZARCAD,0.1041,4784,1498930600,,,UA_5,
CHFJPY,120.5242,8222,1499101949,,BUY,,CR_3
NZDJPY,91.2339,2999,1498960531,,SELL,,
NZDZAR,9.1083,567,1498914703,TR_5,BUY,,CR_2
EURZAR,16.0023,5583,1498970822,,,UA_7,
ZARAUD,0.0939,3896,1498971802,TR_5,BUY,,CR_2
EURCAD,1.4883,9007,1498909159,TR_4,BUY,,
AUDGBP,0.6652,6866,1499152920,,BUY,,
NZDEUR,0.6503,7338,1499208742,,,UA_4,
EURGBP,0.9504,5831,1498923960,TR_1,SELL,UA_1,CR_2
AUDEUR,0.692,3317,1499058119,TR_2,,,
CHFJPY,108.231,6887,1499176488,TR_3,SELL,UA_1,
CHFZAR,14.1575,291,1499122046,TR_4,BUY,,
CHFJPY,112.8376,374,1498924695,TR_5,,,CR_2
GBPJPY,151.4022,6647,1499027834,TR_5,,,
EURJPY,134.4549,7042,1499088579,TR_1,,,CR_2
CADUSD,0.8555,8151,1499102032,TR_1,BUY,,
GBPNZD,1.6906,5106,1499073306,TR_1,,UA_7,
EURGBP,0.8981,1335,1498985810,,,,
CHFJPY,103.4201,5149,1499090456,,,UA_1,CR_2
CADCHF,0.8105,1726,1498931491,,,,
