Instrument,Price,Quantity,Timestamp,Trade Reference,Instrument Type,Underlying Asset,Client Reference
AUDZAR,10.4982,8874,1498941459,,,,
JPYEUR,0.0083,1372,1498925276,TR_5,BUY,UA_8,CR_2
GBPAUD,1.4917,6174,1498903585,,SELL,UA_10,
GBPCAD,1.5763,6825,1499212656,TR_5,,UA_10,CR_3
NZDAUD,1.0244,801,1499042300,,,UA_6,CR_3
NZDEUR,0.6005,7162,1498969562,,SELL,,
NZDGBP,0.5773,7726,1499188490,TR_3,,,CR_3
CADZAR,9.9958,7640,1498945107,TR_2,SELL,UA_6,CR_3
CHFCAD,1.3196,1948,1499045955,TR_1,BUY,UA_7,CR_3
CADEUR,0.6313,2612,1499198215,TR_3,SELL,,CR_1
USDGBP,0.6984,6450,1499204940,TR_2,,UA_3,
AUDCHF,0.7949,9621,1498938336,TR_5,BUY,UA_3,CR_2
EURCHF,1.2215,1794,1499091922,TR_2,BUY,UA_9,CR_3
NZDZAR,9.128,4447,1499107814,,,,
JPYCAD,0.0121,4528,1498993203,,,,CR_2
JPYNZD,0.0112,1983,1499099162,TR_3,SELL,UA_6,CR_2
USDAUD,1.1527,3984,1499002397,TR_2,SELL,UA_10,
ZAREUR,0.0605,4265,1499073844,,SELL,,CR_3
USDAUD,1.2918,6828,1499187644,,BUY,UA_6,
CADAUD,1.1078,1188,1499058518,,,UA_2,CR_2
AUDEUR,0.7066,5682,1499165721,TR_5,SELL,UA_1,CR_1
NZDEUR,0.6611,6563,1498938514,,BUY,UA_1,
JPYNZD,0.0129,7066,1499038229,TR_2,SELL,UA_5,CR_3
EURCHF,1.1793,3061,1499111633,,,UA_5,CR_2
JPYNZD,0.0131,8357,1499097140,TR_3,,UA_7,
EURZAR,14.3671,5660,1499053305,TR_4,,UA_1,
GBPCHF,1.2636,2232,1499197393,TR_1,BUY,,
GBPJPY,145.1128,1501,1498927931,TR_5,,UA_9,CR_3
NZDEUR,0.6716,9998,1499120149,TR_4,,,CR_1
NZDAUD,0.8723,8904,1499060587,,,UA_7,
CHFNZD,1.4147,39,1499003039,TR_4,,,
CADAUD,0.962,5270,1498932073,,BUY,,CR_1
CADAUD,0.9945,3374,1498995001,TR_2,BUY,UA_6,CR_2
GBPUSD,1.4156,1287,1499132065,,,,
CHFAUD,1.3024,9913,1499113737,,BUY,UA_5,CR_3
AUDCAD,0.9218,7508,1498946487,,,UA_9,
EURJPY,132.5834,6494,1499119825,,SELL,,
USDGBP,0.7556,5330,1498906759,TR_1,SELL,,
GBPAUD,1.6688,3017,1499079235,TR_3,BUY,UA_5,CR_1
EURJPY,142.4902,6221,1499027604,TR_5,,UA_8,
GBPCAD,1.7682,4399,1499176163,TR_3,SELL,UA_1,CR_3
AUDCHF,0.7849,9158,1499122187,,SELL,,CR_3
JPYEUR,0.0076,6183,1498924645,,,,CR_3
USDNZD,1.2582,1348,1499029181,,,,CR_1
AUDCAD,1.0288,3888,1499158726,,,UA_3,CR_3
CADZAR,10.5535,9479,1499024451,TR_4,,,
CADAUD,1.0687,2998,1499210860,TR_1,,,
EURZAR,16.3984,3487,1499147168,,SELL,,
ZARNZD,0.1067,8931,1499033812,,SELL,UA_1,CR_2
CADJPY,85.6849,5635,1499171825,TR_5,SELL,UA_10,CR_3
AUDUSD,0.8771,6624,1498968770,,,,CR_2
ZARJPY,8.5919,9574,1498902537,,BUY,,
USDGBP,0.7165,2862,1499150361,,SELL,,
CHFNZD,1.2382,8654,1499198686,,,,CR_2
JPYNZD,0.013,465,1498969502,,,,CR_1
CADJPY,81.1344,353,1499041646,,,,CR_3
CADNZD,0.9933,9617,1498973248,TR_5,,,CR_3
CHFAUD,1.3742,3498,1499096831,TR_1,SELL,,CR_3
JPYEUR,0.0076,7117,1499198169,,SELL,UA_8,
NZDUSD,0.737,4555,1498924902,,,UA_9,CR_1
AUDUSD,0.7914,4013,1498983095,,,UA_4,CR_2
EURCHF,1.1474,4711,1498941441,,,,CR_3
CADAUD,1.0504,2048,1499173397,,SELL,,CR_2
AUDUSD,0.7592,1650,1498963612,,,,
AUDGBP,0.5678,6651,1498940142,TR_1,,,CR_3
USDCHF,0.9391,5442,1498917260,,BUY,,
GBPZAR,17.4221,6843,1498896074,TR_1,,UA_6,CR_3
NZDJPY,87.2827,2263,1498918830,TR_4,,,
JPYZAR,0.1185,4478,1499202358,TR_3,,,CR_1
EURAUD,1.6019,1474,1498957388,,,UA_9,CR_3
CHFCAD,1.3285,5839,1498945064,,,,CR_1
NZDEUR,0.6277,4485,1499010494,,BUY,,CR_3
NZDJPY,90.8887,3681,1499176082,,,,CR_1
JPYCAD,0.0109,4485,1499031576,TR_5,,,CR_1
AUDEUR,0.6337,6762,1498984569,,SELL,UA_2,CR_2
USDZAR,12.4952,8694,1499188598,TR_5,BUY,,
USDNZD,1.316,4428,1499107102,TR_1,BUY,,
GBPUSD,1.3105,3751,1498933566,,,UA_4,
JPYAUD,0.0109,1257,1499033587,TR_5,,,CR_2
CADZAR,10.2452,8212,1499041420,,,UA_3,
JPYUSD,0.009,4175,1499025301,TR_3,SELL,,CR_2
ZARGBP,0.0588,8400,1499007227,TR_4,,UA_9,
NZDUSD,0.7594,5981,1499007142,TR_2,,UA_9,CR_2
AUDEUR,0.6409,3829,1499116875,,,,
ZARJPY,8.3288,1782,1499125230,,,UA_1,
CADEUR,0.6692,6248,1498922870,TR_5,BUY,UA_2,CR_2
EURJPY,133.5325,2380,1499017008,,,,
JPYGBP,0.0064,4131,1499062174,,,,CR_3
EURAUD,1.3869,3740,1498942142,TR_4,SELL,,
EURGBP,0.8975,7667,1499093485,,SELL,UA_6,CR_1
EURAUD,1.5945,6160,1499059462,TR_3,,UA_9,CR_1
ZARCHF,0.0752,3253,1499136289,,SELL,UA_5,
ZARGBP,0.0589,8896,1499194820,,SELL,UA_1,
ZARNZD,0.1093,336,1498913325,,SELL,,
EURAUD,1.4251,5274,1499121634,TR_1,BUY,UA_3,CR_2
GBPAUD,1.7647,8844,1498977412,TR_5,BUY,,CR_2
CHFGBP,0.8461,1522,1499034219,,BUY,UA_1,CR_1
JPYUSD,0.0098,7206,1499091146,TR_4,,UA_7,CR_3
USDZAR,13.2191,9340,1499116902,,SELL,UA_5,CR_2
NZDCAD,0.9657,71,1498974219,TR_5,,,CR_2
NZDAUD,0.9305,7920,1499150684,,SELL,UA_1,CR_1
USDGBP,0.7028,8026,1499062809,,SELL,,CR_3
CADCHF,0.7307,5899,1498962546,,SELL,,CR_1
NZDGBP,0.5642,8926,1498900004,TR_3,,,CR_1
ZAREUR,0.0608,6187,1498978154,,,UA_3,CR_2
NZDCHF,0.7318,5289,1499213312,TR_1,BUY,UA_4,CR_1
JPYAUD,0.011,4299,1498952261,,SELL,,
NZDEUR,0.6594,9772,1499214427,TR_2,BUY,UA_9,CR_1
ZARJPY,7.8932,9843,1499212386,TR_3,BUY,UA_4,CR_3
CADEUR,0.7471,6427,1499196372,TR_3,,UA_10,CR_2
CHFCAD,1.2924,1591,1499033902,,,UA_2,CR_3
EURUSD,1.2627,3572,1499024174,TR_2,,UA_6,CR_2
ZAREUR,0.0664,5855,1499092607,,,,CR_1
ZAREUR,0.0671,2865,1499087789,TR_5,SELL,UA_4,CR_1
USDGBP,0.7186,2754,1499171569,TR_2,,,CR_2
ZARCHF,0.0809,1667,1499201759,,SELL,,CR_1
CHFCAD,1.3136,6946,1499129350,,SELL,,
NZDZAR,10.5995,3218,1499186131,,BUY,,
ZARGBP,0.0605,3324,1499199159,TR_4,,UA_3,CR_1
NZDCHF,0.7535,6659,1498896109,TR_1,,,
USDAUD,1.3366,314,1498992857,,BUY,,
EURAUD,1.3619,9656,1499005388,,BUY,,CR_2
ZARCAD,0.096,8242,1498932045,,,,CR_3
USDCAD,1.1472,2212,1498965957,,BUY,,CR_3
EURGBP,0.805,2044,1499117753,,BUY,,CR_3
CADZAR,11.4752,7578,1499201571,TR_3,,UA_1,
NZDAUD,0.917,1108,1499167756,,,,CR_3
CADJPY,85.4785,2907,1499024359,TR_2,SELL,,CR_2
EURJPY,135.6732,9128,1499039655,TR_1,,,CR_2
GBPAUD,1.5555,7529,1498978518,,,,
EURJPY,121.9974,3445,1499183372,,,UA_4,
USDJPY,113.1747,5653,1499014434,,,UA_9,CR_2
CHFZAR,13.645,8723,1498894347,,,UA_1,
CADAUD,1.0591,4355,1499109412,,BUY,,CR_1
AUDCAD,1.0843,6173,1499103335,TR_1,BUY,,
NZDJPY,82.8945,7221,1498937477,TR_3,,UA_8,CR_2
USDCAD,1.2654,7447,1498940685,TR_3,SELL,,CR_1
AUDUSD,0.8187,5546,1498894981,,SELL,UA_7,
ZARAUD,0.0882,1193,1499160080,,SELL,,CR_1
CHFAUD,1.1622,949,1498922359,,SELL,,CR_3
NZDCHF,0.7954,9798,1498913913,TR_5,,,CR_1
CHFZAR,12.7637,671,1499098281,,BUY,,
EURCAD,1.5421,4622,1498992306,TR_4,,UA_8,CR_3
AUDCHF,0.8304,9679,1499164692,TR_2,BUY,UA_3,CR_1
CADUSD,0.8224,1053,1499030261,TR_1,SELL,,
GBPJPY,140.6799,5930,1499111867,TR_1,,UA_9,
EURUSD,1.2002,7127,1499071090,TR_3,SELL,,CR_2
JPYCHF,0.0085,5562,1499133421,TR_1,BUY,UA_6,CR_2
NZDJPY,76.9631,8824,1499065871,,BUY,UA_2,
EURUSD,1.172,5980,1499020132,TR_5,,,CR_2
GBPUSD,1.4142,6012,1498899584,,,UA_7,CR_1
CHFUSD,0.9384,2378,1498975007,,BUY,UA_5,CR_3
ZARAUD,0.0945,6393,1498983174,TR_4,,,CR_3
ZARCHF,0.0723,2494,1499063644,TR_4,SELL,,CR_3
GBPAUD,1.586,4530,1499146319,TR_5,BUY,UA_10,CR_1
CHFCAD,1.1629,155,1499120392,,SELL,UA_2,CR_3
CHFAUD,1.3325,1473,1499158802,,BUY,UA_3,
CHFEUR,0.9355,1616,1499002734,,BUY,,
NZDZAR,9.2524,5183,1498914565,TR_3,,UA_10,
USDJPY,103.3381,6420,1499066275,TR_4,SELL,UA_5,CR_3
CADUSD,0.7887,5211,1499196973,,,UA_3,
GBPUSD,1.2218,2361,1499068367,,,UA_9,CR_3
EURAUD,1.6011,1417,1499209867,,BUY,,
GBPNZD,1.8013,1988,1499146672,,,,
NZDCHF,0.7041,929,1498957830,,BUY,,
USDCHF,0.926,5024,1499130579,TR_2,,UA_3,CR_2
USDAUD,1.3451,9254,1499018601,,,,CR_2
EURGBP,0.9015,6077,1498994962,TR_5,,UA_2,
EURJPY,134.5352,5434,1498895452,,,UA_1,
USDCHF,0.9154,3891,1499132700,TR_5,BUY,,
USDGBP,0.7821,9649,1499009780,TR_4,,,
ZARNZD,0.1037,4370,1498936036,TR_5,BUY,UA_8,
CADZAR,10.5564,1034,1499044195,TR_3,SELL,UA_2,
EURUSD,1.229,3771,1498925087,,,UA_7,CR_2
CHFCAD,1.338,6729,1499173700,TR_1,,UA_7,
GBPJPY,152.4666,6929,1498956058,TR_2,SELL,UA_6,
JPYGBP,0.0072,9278,1499192105,TR_5,,,CR_3
AUDGBP,0.5558,944,1498998232,TR_2,,UA_1,CR_1
NZDCAD,0.9335,1705,1498996328,TR_5,,UA_8,CR_2
USDJPY,109.6693,7592,1498966165,TR_4,,,CR_2
JPYNZD,0.0128,8692,1499187398,TR_5,BUY,,CR_1
USDNZD,1.3514,8815,1499163465,TR_5,SELL,,CR_2
CADEUR,0.6336,6628,1498948224,,BUY,,CR_2
JPYAUD,0.0122,5739,1499019178,,SELL,,
USDCHF,0.967,3648,1498960281,TR_4,,,
EURNZD,1.5349,1093,1499022786,TR_5,,,
EURUSD,1.128,5203,1498991382,,BUY,,CR_3
CHFNZD,1.2653,9643,1499201043,TR_4,SELL,UA_2,
ZARUSD,0.0738,7005,1498963895,TR_2,,,CR_2
GBPAUD,1.7056,2316,1499022990,,SELL,UA_6,CR_1
JPYZAR,0.1267,5823,1499112350,TR_1,SELL,,
AUDZAR,11.1072,5026,1498994765,,BUY,UA_7,
NZDEUR,0.5975,781,1498929192,,,UA_7,CR_1
USDNZD,1.2555,692,1499013217,,BUY,UA_10,
CHFGBP,0.8037,555,1498949448,,,UA_5,
CADUSD,0.7528,1227,1499164730,,,UA_2,
USDGBP,0.7108,8657,1499199529,,,UA_8,
GBPCHF,1.3924,5431,1499072492,TR_1,SELL,UA_3,CR_3
CADUSD,0.8589,5384,1499062498,TR_3,,,CR_3
JPYUSD,0.0094,2215,1498997148,TR_4,BUY,,
CHFNZD,1.3667,8597,1499171603,TR_4,,UA_6,CR_1
NZDJPY,80.2962,1172,1498915678,TR_4,BUY,,
GBPZAR,17.9867,7527,1499135232,TR_4,,UA_9,
AUDGBP,0.6485,163,1499007258,,BUY,,
CHFEUR,0.8981,1766,1499135551,TR_5,SELL,,CR_3
CHFJPY,117.7709,9086,1499015489,,,,CR_3
ZAREUR,0.0695,9756,1498914752,,BUY,,CR_2
JPYUSD,0.0089,8848,1499192445,TR_1,,UA_8,
JPYEUR,0.0083,3213,1498945672,,SELL,,
ZARNZD,0.0925,4857,1499193453,TR_3,BUY,UA_10,CR_2
CHFGBP,0.7324,9795,1499129845,,,UA_6,CR_2
GBPNZD,1.6572,2855,1498994784,,,,
CADNZD,1.1439,3860,1499096500,,,UA_5,
NZDJPY,84.8608,8289,1499196987,,SELL,UA_3,
JPYEUR,0.0077,2731,1498972454,,BUY,UA_9,CR_2
EURNZD,1.4208,5950,1499164880,TR_3,,UA_4,CR_1
USDZAR,12.4518,739,1499121523,,SELL,UA_3,CR_3
AUDNZD,1.1403,9433,1499194065,TR_1,SELL,,CR_2
CHFGBP,0.832,7303,1499040153,,BUY,UA_1,CR_1
NZDCAD,0.9356,6231,1498980547,,,UA_6,
NZDZAR,9.6059,6742,1498939973,,SELL,,CR_3
USDCAD,1.2604,9111,1498902060,,SELL,,CR_1
JPYAUD,0.0113,3522,1499136839,,,,CR_3
CHFGBP,0.8391,3589,1499205076,TR_1,BUY,UA_1,CR_3
ZARUSD,0.0698,4044,1499146847,TR_4,,,CR_1
EURZAR,16.2428,6646,1499194729,,SELL,,
CADJPY,86.5607,7020,1498963686,,BUY,UA_9,CR_2
ZARAUD,0.101,4681,1498991673,TR_4,,UA_5,CR_1
AUDCHF,0.7219,9555,1499191983,TR_2,,,
CHFJPY,110.7089,7298,1498971729,TR_1,SELL,,
USDJPY,113.8826,5262,1499170213,TR_1,BUY,UA_7,CR_2
CHFZAR,13.876,3871,1498992685,,SELL,UA_2,CR_2
NZDZAR,10.2836,1184,1499036392,,SELL,UA_3,CR_3
AUDNZD,1.0121,8841,1499035678,,BUY,UA_7,CR_1
GBPJPY,140.9395,8006,1499049576,,,,CR_3
ZAREUR,0.0637,9929,1498973863,,BUY,,CR_1
ZARNZD,0.0942,7277,1499188266,TR_1,,,
USDEUR,0.9272,4279,1499164742,,SELL,UA_3,
USDZAR,13.5947,2007,1499010625,,BUY,UA_5,CR_1
CHFZAR,12.8019,6372,1499128708,TR_3,,,
EURCHF,1.1819,1062,1499011031,TR_4,SELL,,
NZDCAD,0.9342,3280,1499022469,,SELL,UA_3,
GBPJPY,147.0709,3869,1499003868,TR_1,SELL,,CR_2
EURCHF,1.1246,6047,1499095587,TR_4,BUY,,CR_2
CADUSD,0.7992,5876,1499184711,TR_5,,,CR_1
JPYAUD,0.0109,7390,1499005978,TR_1,,,CR_1
AUDGBP,0.5936,4293,1499019937,TR_4,BUY,,CR_3
NZDZAR,9.5645,7621,1499072658,TR_5,BUY,UA_5,CR_3
CHFNZD,1.4548,1092,1499158197,,BUY,,CR_1
EURCAD,1.5959,1163,1498949520,TR_1,,UA_8,CR_1
USDGBP,0.8348,2189,1498955510,TR_3,SELL,UA_1,CR_1
NZDGBP,0.5503,5409,1498910190,TR_5,BUY,UA_6,
ZARUSD,0.0716,6313,1498986777,,BUY,,CR_1
NZDGBP,0.5722,2874,1499002351,TR_2,SELL,UA_4,CR_2
GBPJPY,147.1454,4478,1499173349,,BUY,,CR_3
CHFCAD,1.1915,1102,1499030159,,,UA_7,
USDNZD,1.4252,3969,1499047397,TR_1,,,CR_3
CADGBP,0.611,9698,1499173596,TR_1,SELL,,
CADJPY,89.5678,9510,1499063742,,SELL,UA_10,
NZDUSD,0.7017,3294,1498929424,TR_4,SELL,,CR_1
JPYCAD,0.0102,7482,1499115689,,SELL,,
CHFEUR,0.9371,1767,1498907738,,,,
AUDNZD,1.0977,4124,1499007011,,,,CR_2
AUDGBP,0.5515,7404,1499135136,TR_1,BUY,UA_2,CR_2
GBPZAR,16.1473,828,1498985085,,SELL,UA_7,CR_1
JPYGBP,0.007,5014,1498980719,,BUY,UA_10,CR_3
AUDGBP,0.643,4092,1498980071,,SELL,UA_5,CR_2
GBPCHF,1.2304,9908,1498985850,TR_4,BUY,,
USDCAD,1.2296,51,1499017082,,,,
AUDJPY,92.7339,95,1499206436,TR_4,SELL,UA_4,CR_1
CHFGBP,0.8522,1094,1498971597,TR_1,,UA_5,
NZDCHF,0.7392,8082,1498915284,,,UA_8,
USDCAD,1.1984,2795,1499118094,,,,
ZARNZD,0.1066,5505,1499035065,TR_5,,,CR_1
USDNZD,1.2075,5507,1499079114,,,UA_8,
AUDCHF,0.8334,5608,1498982362,,,,CR_1
JPYUSD,0.0087,8724,1499053007,,,,
EURNZD,1.6628,2592,1499056760,TR_2,,,CR_1
EURJPY,135.5794,5394,1499011787,TR_2,,UA_8,CR_1
CADJPY,82.224,6488,1498935142,TR_5,BUY,,CR_3
ZARCAD,0.0981,614,1499029717,TR_5,,UA_2,
USDNZD,1.2779,1493,1499009986,,BUY,UA_9,CR_1
JPYGBP,0.0073,8234,1499120937,TR_2,,,
CHFJPY,122.773,7155,1499149152,,,UA_4,
NZDCHF,0.6911,8692,1498918293,TR_3,SELL,UA_5,CR_3
AUDEUR,0.6474,6816,1499188979,,,UA_6,CR_2
AUDCHF,0.7252,8385,1498978531,TR_2,BUY,,
NZDJPY,86.7806,1532,1499009438,TR_4,,,CR_1
ZARNZD,0.099,1342,1498940921,TR_5,,,CR_3
NZDEUR,0.5853,132,1499069489,TR_4,BUY,,
CADAUD,1.0221,7252,1499192598,TR_2,,,CR_1
CADJPY,96.3493,7752,1499021721,TR_2,,UA_5,CR_1
AUDCAD,1.0427,9022,1499177956,TR_1,SELL,UA_4,CR_1
CADEUR,0.6957,1768,1499011208,TR_4,,UA_9,CR_1
USDCHF,0.9549,8549,1499013735,TR_3,,,CR_3
AUDZAR,10.3142,5667,1499148181,,BUY,UA_10,CR_1
CADUSD,0.8276,2276,1498976729,,,UA_10,CR_3
EURCAD,1.6024,1304,1498977342,,,UA_5,
AUDNZD,0.9788,1472,1499164638,,BUY,UA_1,CR_2
USDAUD,1.1731,3811,1498916476,,BUY,UA_9,CR_3
JPYCAD,0.0112,517,1499096159,,,UA_4,
NZDAUD,0.9523,7535,1499002116,TR_4,,UA_4,CR_3
CHFZAR,12.8479,6707,1498989424,,,UA_10,CR_1
ZARNZD,0.1045,3513,1499003081,TR_5,,,CR_1
ZAREUR,0.069,9556,1499121809,,BUY,UA_1,CR_2
NZDCHF,0.6603,5779,1498970015,TR_4,,UA_8,
USDCHF,0.998,5688,1499117339,TR_2,SELL,UA_6,CR_2
USDEUR,0.8438,494,1499184251,,,,CR_3
EURUSD,1.1775,9971,1499103903,TR_5,BUY,,CR_2
ZARJPY,9.0627,2503,1498948775,TR_2,BUY,UA_8,
CHFZAR,12.7231,7681,1499151269,TR_1,,UA_10,CR_2
USDCHF,1.0314,1612,1498921235,TR_2,,,
ZARUSD,0.0822,3436,1499021866,TR_4,,,CR_1
CADGBP,0.6291,8391,1499139685,TR_3,,,CR_1
ZARJPY,8.0756,4306,1499063255,TR_2,BUY,,
EURAUD,1.4628,3520,1499193562,TR_5,SELL,,
EURAUD,1.6135,1762,1498990392,,,,CR_3
GBPJPY,157.8191,669,1499022005,,BUY,UA_1,CR_2
AUDNZD,1.1653,4735,1499112469,,,UA_10,CR_3
CADUSD,0.7604,6727,1499087614,,,UA_7,CR_1
GBPJPY,133.5427,8807,1498965261,TR_1,SELL,UA_6,
ZARGBP,0.0561,3825,1498988630,TR_2,,UA_4,CR_1
JPYNZD,0.0124,9291,1498946220,,BUY,,
EURAUD,1.5609,3322,1499011380,,,,
USDCHF,0.989,2575,1499043442,,,,CR_1
NZDZAR,9.7467,2140,1498993958,,,UA_1,
CADEUR,0.733,712,1499076103,,,UA_10,
NZDJPY,86.4862,3133,1499162267,TR_1,,UA_3,
GBPAUD,1.6503,2493,1498922932,,,UA_1,CR_3
CADEUR,0.7131,4491,1499040558,,SELL,UA_2,CR_2
USDGBP,0.7528,1730,1498902820,TR_4,,,
CADUSD,0.858,6378,1499004490,,BUY,UA_7,CR_3
EURZAR,15.0218,3251,1499151000,TR_2,,,
JPYAUD,0.0118,7777,1498974123,,,,CR_1
CHFAUD,1.3926,8558,1498958773,,,,
JPYGBP,0.0062,1655,1498902559,,BUY,,
JPYEUR,0.007,3086,1498922628,,,UA_7,CR_1
CHFJPY,108.377,8070,1499019744,,,UA_2,CR_3
USDNZD,1.4204,2416,1498971319,TR_4,,,CR_3
JPYCHF,0.0087,6758,1498921340,TR_1,BUY,UA_7,CR_1
CHFNZD,1.3644,989,1499096321,TR_1,,UA_6,CR_2
EURGBP,0.9712,1692,1499031016,,SELL,,
ZARAUD,0.0981,2788,1499124136,,,UA_9,
AUDGBP,0.6168,1924,1499132846,,BUY,UA_8,CR_3
CADEUR,0.7164,3711,1498979321,,SELL,,CR_1
GBPCHF,1.3393,3869,1498919991,TR_4,SELL,,CR_1
JPYGBP,0.0067,9241,1498950067,,,UA_10,CR_3
NZDGBP,0.528,6958,1499003038,,,,CR_2
USDCHF,0.9974,3232,1499003671,TR_4,SELL,,CR_1
CADAUD,0.9096,1573,1499016727,TR_3,SELL,UA_9,CR_1
GBPCHF,1.1705,5119,1498900246,,,,
GBPZAR,15.9041,6515,1499046677,,BUY,,
EURCAD,1.5877,8474,1499190817,,BUY,,
NZDEUR,0.6683,6846,1499148800,TR_2,,,CR_3
USDCHF,1.0242,8720,1499150427,TR_2,BUY,UA_6,CR_2
CADJPY,88.5989,8614,1499019018,TR_1,SELL,,CR_1
ZARCHF,0.0729,9516,1499204768,,,UA_10,CR_1
GBPNZD,1.8645,2591,1499024319,TR_3,,,CR_1
NZDZAR,10.339,933,1499063887,TR_3,BUY,,
NZDAUD,0.8773,5462,1499059035,,SELL,,
JPYCAD,0.0105,4766,1499078926,,,,
GBPZAR,15.6911,380,1499075974,,SELL,,CR_2
CHFGBP,0.8344,5865,1499055111,,SELL,UA_6,
CADJPY,82.5007,2598,1499064491,,SELL,,CR_1
CHFEUR,0.8655,7610,1498917254,TR_1,,UA_2,CR_3
JPYCAD,0.011,3971,1498896701,,BUY,UA_6,
USDCAD,1.1426,6196,1499192521,,,UA_9,
AUDCAD,0.9205,8640,1499186274,TR_3,BUY,,
EURZAR,15.7828,8412,1499184111,TR_1,,,
ZARGBP,0.0547,4891,1499000552,,,,
EURUSD,1.1732,5613,1499073048,TR_4,,UA_1,
USDNZD,1.437,7850,1499151915,,,UA_9,
AUDUSD,0.8009,5217,1499116417,,SELL,,
AUDNZD,1.1171,3414,1499033374,TR_1,BUY,UA_1,CR_3
JPYAUD,0.0104,9196,1498929747,TR_3,BUY,UA_3,CR_2
JPYUSD,0.0085,923,1498999595,,SELL,UA_2,CR_1
USDJPY,115.7697,4644,1499065531,TR_5,,,
NZDCHF,0.7423,2471,1498975652,TR_1,,,CR_1
GBPEUR,1.159,6877,1499061249,TR_1,SELL,,CR_3
NZDUSD,0.793,1945,1499076924,,BUY,,CR_1
JPYEUR,0.0072,9745,1499029074,,SELL,UA_2,CR_1
CHFNZD,1.372,1744,1499055258,,,UA_2,CR_1
USDCAD,1.205,892,1499182862,TR_1,BUY,,
EURAUD,1.378,4480,1499049913,TR_4,,,
EURCHF,1.2122,1872,1498994191,TR_5,SELL,UA_10,CR_3
AUDCAD,1.0762,5938,1499021662,TR_5,,,CR_3
AUDJPY,87.6702,88,1499058835,TR_1,,,
ZARGBP,0.0639,9169,1499042810,TR_2,SELL,UA_10,
JPYUSD,0.0083,8386,1499035163,,SELL,UA_6,CR_3
AUDZAR,10.2989,2524,1499083580,,,UA_2,
NZDJPY,82.7373,7397,1498916884,TR_2,,UA_5,
GBPJPY,146.485,9832,1498989660,,SELL,UA_5,
AUDCAD,1.047,5832,1498978066,TR_3,,UA_7,
CADJPY,85.6285,2368,1498990711,TR_4,BUY,,
CHFJPY,108.2403,2139,1499106080,TR_2,,UA_9,CR_3
CHFNZD,1.4356,3841,1499178108,,SELL,,CR_1
USDAUD,1.2405,7648,1499188563,,,,CR_3
NZDZAR,9.0154,6999,1499003635,TR_4,BUY,,
JPYGBP,0.0066,9098,1499016569,TR_3,BUY,UA_7,CR_1
CADEUR,0.6475,884,1499134431,,,,
USDEUR,0.7768,8411,1499141673,,SELL,,CR_3
JPYNZD,0.0121,6484,1499176976,,BUY,,
CHFUSD,1.0066,3578,1498908670,,SELL,UA_4,CR_3
JPYZAR,0.1233,7070,1499094845,,,UA_8,CR_3
ZARUSD,0.0747,57,1499183591,TR_1,BUY,,CR_1
EURGBP,0.9681,2351,1498982311,TR_4,,UA_8,CR_1
NZDJPY,86.2111,6945,1499107761,,,,
GBPCAD,1.7031,294,1499050773,TR_2,,UA_5,CR_2
EURCHF,1.0959,9742,1499163559,TR_3,SELL,UA_9,
NZDGBP,0.5743,5618,1499058806,,BUY,UA_9,
EURNZD,1.5412,222,1499152791,TR_2,SELL,,
USDGBP,0.6966,3218,1499174723,,SELL,UA_6,
CADUSD,0.8172,4793,1498970813,TR_3,,,CR_1
EURGBP,0.8745,957,1499026422,,BUY,UA_7,CR_2
JPYUSD,0.0084,8421,1498990221,,,UA_9,
GBPNZD,1.6625,9159,1499091498,TR_3,BUY,UA_3,CR_2
JPYAUD,0.0117,7102,1499121147,TR_1,,UA_8,
ZARAUD,0.0879,5465,1498897964,,SELL,,
GBPUSD,1.3966,4167,1499104481,,SELL,,CR_1
GBPAUD,1.7337,4429,1499039105,TR_5,SELL,,CR_3
USDEUR,0.8585,3668,1499017666,TR_5,BUY,UA_8,
ZARCHF,0.0767,7012,1499110297,,,UA_5,
EURJPY,137.1208,5999,1499118793,,BUY,UA_8,
AUDGBP,0.5868,9997,1499016071,TR_1,,UA_10,
ZARNZD,0.1034,5729,1499197350,,,,
EURAUD,1.4108,7093,1498909535,TR_1,SELL,UA_1,CR_2
CADZAR,11.5548,1278,1498992057,TR_5,BUY,,CR_1
USDAUD,1.2279,7569,1498904597,TR_4,BUY,UA_2,CR_3
GBPUSD,1.2726,5004,1499014087,,,UA_9,
GBPCHF,1.3546,6505,1499160453,,BUY,UA_4,
ZARAUD,0.0879,7353,1499101911,TR_5,,,
GBPCHF,1.2353,4781,1498923086,TR_2,,,
NZDCAD,0.9384,2448,1499164051,,,UA_5,
CADJPY,93.6295,1856,1499104536,TR_3,BUY,UA_2,CR_3
NZDZAR,10.2549,9726,1498978120,,SELL,UA_7,CR_1
CADJPY,88.3599,7831,1499190792,TR_5,,UA_2,CR_1
JPYNZD,0.0131,7391,1499055965,TR_1,,UA_9,
USDZAR,13.9823,5377,1498991092,,,UA_7,
ZARAUD,0.0936,9920,1498900674,TR_4,,UA_3,CR_2
AUDCHF,0.769,7221,1499144852,TR_2,,,CR_3
USDCAD,1.1805,13,1499181317,TR_3,,UA_2,CR_2
CHFAUD,1.1983,2802,1498899570,TR_2,BUY,,
ZAREUR,0.065,1269,1498935593,,,,CR_1
CADUSD,0.8415,9840,1499132203,,,UA_3,CR_2
NZDGBP,0.5592,5085,1499108634,TR_3,,UA_5,
NZDCHF,0.7092,7824,1499196361,TR_2,SELL,UA_5,
AUDCAD,0.931,401,1498917714,,SELL,UA_3,
JPYNZD,0.013,3626,1498980620,,SELL,,CR_1
CADAUD,0.9486,3987,1499213462,TR_4,BUY,UA_7,CR_1
CADZAR,11.1569,3822,1499060473,,,,
ZARUSD,0.0725,6069,1499050839,,,,CR_2
AUDZAR,11.2444,2033,1499124349,,SELL,UA_1,CR_2
USDCAD,1.3136,5732,1498970464,,,,CR_1
CHFCAD,1.1735,2375,1499064689,,,,CR_3
ZARCAD,0.0981,5783,1499100607,,BUY,,CR_2
JPYUSD,0.0082,3537,1499045222,TR_3,BUY,UA_8,
NZDCHF,0.6688,9815,1498965285,TR_4,BUY,UA_8,
GBPUSD,1.4141,8132,1499134363,,,,
AUDEUR,0.7039,5280,1499088020,TR_4,SELL,UA_8,CR_2
CHFCAD,1.2878,6667,1499180710,TR_2,SELL,,CR_1
EURZAR,15.0624,7526,1498956430,,,,CR_3
CHFZAR,12.2689,3274,1499088475,TR_1,SELL,,CR_1
AUDZAR,9.5718,4719,1498906924,,BUY,,
EURNZD,1.6097,2768,1498970364,,,,CR_1
USDNZD,1.4558,6687,1499104063,,SELL,,CR_2
GBPEUR,1.0139,9052,1498910961,,,UA_9,
CADZAR,11.2583,2174,1498909762,,BUY,UA_1,CR_2
AUDUSD,0.8558,1199,1499145528,TR_1,,UA_5,CR_2
AUDNZD,1.0923,6774,1499004124,TR_1,BUY,UA_10,
CHFUSD,1.0142,2599,1499100373,TR_2,,UA_8,CR_3
CHFCAD,1.2578,446,1498991410,TR_2,BUY,UA_4,CR_2
GBPEUR,1.1693,1397,1499212767,,BUY,,CR_3
JPYGBP,0.0069,1985,1499063547,,,,CR_2
JPYEUR,0.0083,290,1499000042,,,UA_9,
CHFCAD,1.1637,5820,1499026991,TR_5,,UA_8,CR_3
AUDCAD,0.9025,6162,1499020345,,SELL,UA_4,CR_1
EURJPY,140.3366,9295,1499202534,TR_5,SELL,UA_9,CR_1
EURUSD,1.07,4453,1499045405,,,UA_9,CR_2
EURZAR,15.8532,4779,1499113616,,SELL,,CR_3
ZARUSD,0.0792,3411,1499110532,,SELL,,CR_2
JPYCHF,0.0096,44,1498905514,TR_1,,,
EURJPY,142.7883,2655,1499068662,,,,
JPYGBP,0.0068,4836,1499105018,,BUY,,CR_2
CADZAR,11.2258,2434,1499122028,TR_3,BUY,UA_7,CR_3
JPYAUD,0.0108,5199,1498999059,,BUY,,CR_3
USDGBP,0.7804,6800,1498928514,TR_3,BUY,,
ZARUSD,0.0814,5133,1498948621,,,,
AUDCHF,0.7226,1459,1499120558,TR_3,SELL,UA_1,CR_1
JPYGBP,0.0071,3549,1498920906,TR_3,,UA_9,
EURNZD,1.5439,9240,1499038791,,,UA_2,
GBPZAR,18.399,7458,1499161430,,,UA_8,
CHFEUR,0.913,9197,1499011887,,SELL,,CR_3
AUDUSD,0.8583,9302,1499188041,,,,
EURUSD,1.206,1750,1499001151,TR_2,BUY,UA_6,
JPYNZD,0.0114,1453,1499126831,,SELL,,
USDNZD,1.3727,9984,1498953203,TR_1,,,CR_1
ZAREUR,0.0712,8768,1499144715,,,,
USDJPY,101.6922,2713,1499023784,TR_1,BUY,UA_2,CR_2
AUDZAR,11.3493,5658,1499207108,,BUY,UA_2,
CADZAR,9.6048,5835,1499182493,TR_5,,,CR_2
ZARCAD,0.0933,9693,1499031034,TR_5,SELL,UA_9,CR_3
ZARAUD,0.09,965,1499145594,TR_5,SELL,UA_6,
NZDEUR,0.5901,4187,1498927914,TR_2,SELL,UA_1,
EURNZD,1.587,8081,1498986215,,,,CR_3
USDAUD,1.3698,3120,1498923975,,BUY,UA_9,
ZARCAD,0.1043,914,1498931141,TR_5,,UA_7,
CHFUSD,0.9827,7564,1498916955,TR_2,,,
AUDGBP,0.6648,6089,1499123780,TR_2,SELL,,CR_2
CHFAUD,1.2094,3569,1498957899,TR_3,,,
NZDEUR,0.6583,7046,1499096986,,BUY,UA_7,CR_2
CADZAR,11.2495,2052,1499210347,,,UA_5,CR_1
USDJPY,108.3996,4194,1498899236,TR_2,,UA_10,CR_1
USDEUR,0.8345,2321,1499050765,,SELL,UA_5,
AUDZAR,11.3269,2543,1499076321,,,,CR_2
GBPAUD,1.7509,5327,1498917569,,SELL,,
CHFJPY,122.2713,6102,1498935708,,,,CR_1
AUDJPY,93.2987,6471,1498978660,TR_4,BUY,,
ZARGBP,0.0583,478,1499143103,,BUY,UA_5,
USDEUR,0.8219,6303,1498978093,,SELL,UA_3,
CADAUD,1.0362,654,1499155716,TR_4,,UA_4,CR_3
EURJPY,133.3626,4327,1499037564,,,,
JPYUSD,0.0083,9425,1498961038,TR_2,,,
AUDNZD,1.1019,2851,1498976556,,BUY,,CR_1
USDEUR,0.8542,6377,1499054965,,,,CR_2
CHFCAD,1.3578,5334,1499180965,TR_5,BUY,,CR_2
CHFEUR,0.9314,9493,1499130715,,,UA_4,
EURZAR,15.2976,8460,1499192975,TR_4,,UA_6,
EURJPY,135.1516,8775,1498921143,TR_5,SELL,,CR_1
NZDJPY,90.0633,8487,1499082284,,SELL,,CR_2
CHFUSD,1.0221,9826,1499047267,,BUY,,CR_3
JPYCAD,0.0118,3011,1499164816,,,,
CHFUSD,1.1014,5463,1498944924,,,,
EURCAD,1.5216,6350,1499132993,TR_4,,,CR_2
GBPCAD,1.7359,6329,1498913720,,SELL,,CR_2
EURZAR,14.6302,8560,1498998562,TR_2,BUY,,CR_3
USDCAD,1.3017,716,1498923389,,,,CR_1
ZARNZD,0.0989,8316,1499003840,TR_4,SELL,UA_1,CR_2
JPYCHF,0.0092,6104,1498980752,TR_3,BUY,UA_10,CR_3
GBPCAD,1.5184,6935,1499009757,TR_4,BUY,,
JPYZAR,0.1146,3081,1498964594,TR_2,,UA_9,
GBPAUD,1.5646,2167,1499100456,TR_2,SELL,,
USDZAR,13.0324,883,1498975860,,BUY,UA_8,
NZDCAD,0.8421,8752,1499200994,TR_2,SELL,,
GBPEUR,1.0413,5180,1498896619,TR_3,SELL,,
EURJPY,136.0727,8246,1499073531,,BUY,,CR_3
CADAUD,0.9638,1901,1499151726,TR_5,,,CR_3
EURCAD,1.3508,9743,1499172906,,BUY,,
ZARNZD,0.1095,7634,1498964488,TR_1,SELL,UA_1,
AUDJPY,97.3802,7889,1499191828,,SELL,,CR_1
EURCHF,1.1755,6993,1499042933,,BUY,UA_8,
USDGBP,0.7423,1916,1498997987,TR_5,BUY,,
CADZAR,9.8538,1208,1499122408,,SELL,UA_7,
ZARJPY,7.7716,2171,1499008803,,BUY,,CR_2
USDZAR,12.3749,6352,1498912121,,BUY,UA_6,CR_2
USDNZD,1.3738,6064,1499043435,TR_2,SELL,UA_3,
CHFAUD,1.3501,7274,1498929878,TR_5,,,CR_1
CADNZD,1.0222,5315,1499009744,,,UA_9,
CHFJPY,103.5965,510,1499025091,,,,CR_2
AUDGBP,0.6297,5729,1499042807,,,UA_2,CR_3
NZDUSD,0.763,9035,1499044343,TR_2,SELL,,
CHFEUR,0.8362,7371,1498927954,TR_4,,,
NZDZAR,9.5614,4203,1499172317,,SELL,,
JPYZAR,0.118,3474,1498988243,TR_2,,UA_2,
NZDAUD,0.9027,2959,1498959245,,,UA_6,CR_2
ZARCAD,0.0932,5337,1498943293,,BUY,,
CHFJPY,104.7799,4133,1499082179,TR_2,,UA_7,
GBPAUD,1.8015,5098,1498940382,TR_2,,,
AUDGBP,0.5947,5714,1498996144,,,,CR_3
CADAUD,1.0998,3371,1498999590,TR_4,,UA_2,CR_2
ZARAUD,0.1047,66,1498913809,TR_4,BUY,UA_1,CR_1
CADAUD,1.0014,8983,1498982395,,SELL,UA_2,CR_1
NZDCAD,0.9014,3571,1499042804,TR_3,,UA_6,CR_2
CADUSD,0.8851,5178,1499007026,TR_1,,,CR_1
ZARAUD,0.0983,6003,1499019022,TR_1,,UA_8,CR_3
AUDCAD,0.901,3250,1499101431,TR_2,SELL,,
JPYCAD,0.0105,1055,1499187450,TR_1,SELL,UA_4,CR_2
NZDZAR,10.5543,8420,1499092353,TR_4,,,CR_1
CHFCAD,1.1707,6080,1499052427,TR_3,,,CR_1
USDNZD,1.208,1867,1499182838,,SELL,UA_4,
AUDGBP,0.5707,5704,1498931176,TR_5,,,
NZDEUR,0.668,4214,1498997495,,SELL,,CR_3
EURUSD,1.1939,9676,1499045007,,SELL,UA_4,CR_2
JPYAUD,0.0114,8270,1499115744,,BUY,,CR_1
ZAREUR,0.0618,7151,1498944258,,,UA_8,CR_3
CHFAUD,1.3535,7775,1499036732,TR_5,,,
ZAREUR,0.0694,6084,1498931890,TR_4,SELL,,CR_3
USDGBP,0.8078,8238,1499191488,,SELL,UA_3,CR_1
GBPEUR,1.2262,3809,1498998314,TR_4,,UA_1,
GBPUSD,1.2527,6208,1498960078,TR_3,BUY,UA_3,CR_3
EURZAR,14.3314,4134,1499038105,,,,CR_2
AUDZAR,10.4749,4901,1499091826,TR_2,BUY,UA_1,
ZARCHF,0.075,534,1499126888,,BUY,,
CADUSD,0.8037,6087,1498947493,,SELL,,CR_1
JPYAUD,0.011,9589,1499017247,,,UA_1,
GBPUSD,1.2434,8826,1499050865,TR_3,SELL,,CR_2
CHFAUD,1.2765,6969,1499060518,,,,
USDCAD,1.3003,1133,1498992324,TR_3,SELL,UA_7,CR_2
GBPNZD,1.9193,274,1499010530,TR_5,,,
USDCHF,0.9009,7932,1498899969,TR_3,BUY,UA_7,
JPYAUD,0.0104,5681,1499064807,TR_3,SELL,UA_3,
JPYCHF,0.0087,2057,1499093487,TR_4,SELL,,
CHFGBP,0.7171,9714,1499181723,,,UA_2,CR_3
NZDZAR,9.0139,272,1498896462,TR_3,BUY,UA_4,CR_2
AUDCAD,0.958,4705,1499172449,TR_1,SELL,UA_6,CR_1
JPYNZD,0.0111,566,1498934552,,,UA_6,
CADZAR,9.548,2655,1499069550,TR_1,BUY,UA_10,
GBPCAD,1.628,6583,1498977794,,,,
ZARNZD,0.092,1226,1499040023,,BUY,,
AUDCAD,0.9168,7217,1498952709,TR_4,,,CR_2
AUDGBP,0.6601,1647,1498956950,TR_2,,,CR_1
CHFZAR,13.0163,1051,1498944355,,BUY,UA_6,
CADNZD,1.0831,3132,1499078990,,,,
JPYEUR,0.0075,5232,1498978740,TR_4,BUY,UA_10,CR_1
USDZAR,12.0702,1854,1499103054,TR_4,BUY,,
EURJPY,124.0707,3827,1499145013,TR_1,,UA_4,
EURCAD,1.5454,9840,1499211224,,,UA_4,
NZDCAD,0.9737,184,1499114451,TR_2,,UA_1,
AUDNZD,1.1049,3723,1499072569,TR_3,SELL,,CR_3
GBPCAD,1.6253,4583,1498991960,TR_4,BUY,UA_7,CR_3
USDNZD,1.3756,9560,1499159593,TR_4,,UA_3,
ZARCAD,0.0919,7504,1499035592,,BUY,,
CHFEUR,0.8512,4591,1498983047,,SELL,UA_3,
USDJPY,103.1869,6587,1499142057,TR_3,,,CR_2
CHFGBP,0.7446,1591,1498984659,,,,
CADGBP,0.5802,39,1498992948,TR_2,,UA_2,
EURUSD,1.2562,8841,1498906320,,,,
NZDAUD,0.9185,414,1499200057,,,UA_5,
CHFEUR,0.8578,9767,1499001311,TR_2,BUY,UA_5,
GBPUSD,1.228,9033,1499123023,TR_4,,UA_4,
AUDCHF,0.8407,1151,1499000213,TR_2,,,CR_3
AUDGBP,0.5879,3480,1499158364,TR_4,,UA_4,
CADCHF,0.7458,2826,1498928025,TR_5,BUY,,CR_3
USDEUR,0.9023,8721,1499005198,,SELL,UA_4,
JPYEUR,0.0084,5809,1499171382,,,,CR_1
ZARAUD,0.0883,4922,1499038505,TR_5,BUY,,CR_1
ZARGBP,0.0576,8720,1499157883,TR_3,BUY,UA_9,
USDEUR,0.7773,5041,1499084696,,BUY,UA_3,
