Instrument,Price,Quantity,Timestamp,Trade Reference,Instrument Type,Underlying Asset,Client Reference
GBPCAD,1.5213,3517,1498937883,TR_3,BUY,UA_6,CR_1
CADAUD,1.0758,2687,1499197511,TR_4,,,
NZDZAR,9.3056,9288,1498914658,,,UA_5,
AUDZAR,10.0698,834,1499159547,,BUY,,
NZDZAR,8.8946,9337,1498896440,,,,
NZDAUD,0.9832,3203,1498949469,TR_2,SELL,,CR_3
GBPUSD,1.3197,9702,1499021770,,,UA_4,CR_1
USDZAR,12.2384,921,1499159193,TR_2,BUY,,CR_1
NZDAUD,0.9131,2133,1498928864,,BUY,UA_7,
JPYEUR,0.008,984,1498937864,,BUY,,
CHFNZD,1.3272,2407,1498937350,TR_4,,,CR_1
NZDAUD,0.8739,4726,1498933928,TR_4,SELL,UA_10,CR_2
USDCHF,0.9009,4819,1499080369,TR_2,BUY,,
GBPCHF,1.3963,1046,1499164033,,BUY,,CR_1
JPYCAD,0.0121,5324,1499082918,TR_3,,UA_10,
JPYEUR,0.0082,5589,1499132398,TR_2,SELL,UA_6,CR_2
AUDCHF,0.8078,2918,1498999670,,,,CR_2
CADAUD,0.9787,4037,1499042465,,SELL,,
AUDCHF,0.7731,8790,1499210447,,,,
GBPUSD,1.2486,7775,1499148855,TR_3,BUY,UA_3,CR_2
EURCAD,1.4637,3120,1499130626,TR_5,SELL,,
GBPZAR,16.2123,6517,1498897297,,,UA_4,CR_1
GBPCHF,1.3116,9164,1498967335,,SELL,,CR_3
NZDZAR,10.7571,3662,1499132410,TR_3,,,CR_2
ZAREUR,0.0684,1786,1499043849,TR_1,BUY,,CR_3
ZAREUR,0.0688,3851,1499087690,TR_4,SELL,,
ZARGBP,0.0527,3077,1498909823,TR_4,,UA_10,
ZARUSD,0.0829,2070,1499148283,,SELL,,CR_1
USDNZD,1.215,6432,1499129954,TR_4,,UA_6,
NZDGBP,0.6134,7288,1498910516,TR_4,,UA_10,
CADUSD,0.7893,9846,1499084870,TR_3,,,
ZARJPY,8.6463,9584,1498974400,TR_2,,UA_7,CR_1
JPYNZD,0.0111,1588,1499107479,TR_3,,UA_10,CR_3
CHFEUR,0.8504,7948,1499089471,,,UA_7,
EURAUD,1.5665,772,1499024617,TR_3,,,CR_3
USDNZD,1.3402,9091,1499022690,,SELL,UA_10,CR_1
AUDEUR,0.7326,4783,1498954055,TR_3,BUY,UA_1,
ZARAUD,0.0891,2443,1498943829,,SELL,,
USDNZD,1.4416,102,1499071387,TR_5,SELL,,CR_2
JPYNZD,0.013,2355,1499183456,TR_3,,UA_8,CR_2
EURAUD,1.4859,4460,1499177731,,,,CR_3
USDJPY,102.4632,4392,1499011607,,SELL,UA_9,CR_3
GBPCAD,1.5357,4874,1499147048,TR_1,,UA_1,CR_2
JPYGBP,0.0063,5377,1499126857,,,,
CADCHF,0.7535,9308,1499138218,,BUY,UA_3,CR_3
USDCHF,1.0526,3178,1498929318,TR_1,,,
NZDCHF,0.7727,5897,1499152055,,,UA_10,
GBPUSD,1.3462,2347,1499080565,TR_2,,,CR_2
CHFAUD,1.2423,8441,1499015602,,SELL,,CR_1
NZDGBP,0.5163,2709,1499083621,TR_4,,,
ZAREUR,0.0692,4449,1498946941,TR_2,,UA_1,
CADEUR,0.677,3082,1499196187,TR_3,SELL,,
NZDZAR,10.3812,1974,1499135384,TR_5,,,CR_1
ZARGBP,0.0622,2776,1499098706,,,,CR_3
GBPAUD,1.5396,6100,1499038477,,BUY,,CR_2
EURCAD,1.3418,5718,1499033150,,,,CR_1
CADUSD,0.7859,861,1499083425,,,,
USDEUR,0.857,2533,1498912667,TR_2,BUY,UA_8,
NZDCHF,0.7838,8796,1499005062,,,,
NZDGBP,0.5159,4674,1499110980,,,UA_3,CR_3
USDCHF,0.8956,8571,1498995504,TR_4,,,
CHFNZD,1.4678,787,1499160231,TR_2,SELL,UA_6,CR_2
CADZAR,9.8079,7722,1499178413,TR_2,,UA_5,
JPYNZD,0.0115,6784,1499058810,TR_1,,,CR_3
ZARNZD,0.0922,790,1498954413,,SELL,UA_4,CR_2
CHFNZD,1.4398,5506,1498984548,,SELL,,
JPYGBP,0.0067,396,1499149020,TR_3,BUY,UA_10,CR_2
ZARCHF,0.0734,7804,1499145900,TR_1,BUY,,CR_3
ZAREUR,0.0665,3086,1499023884,,BUY,,
CADUSD,0.8854,7267,1498907696,TR_2,SELL,,
CHFAUD,1.299,6264,1499124598,TR_5,,,
GBPNZD,1.899,5592,1499190727,TR_2,SELL,UA_5,
CHFEUR,0.8746,3250,1498954085,,,UA_2,CR_3
USDNZD,1.256,3242,1499089295,,,UA_2,CR_1
AUDUSD,0.8113,8699,1498904808,,SELL,,CR_2
EURGBP,0.8718,6703,1498934231,TR_1,,UA_2,CR_2
GBPZAR,15.6211,8523,1498995888,,SELL,,CR_2
USDJPY,117.7202,5917,1498898395,,,UA_6,CR_1
CADEUR,0.691,6534,1498947050,TR_4,,UA_6,
GBPEUR,1.0601,3981,1499146286,,,,
ZARNZD,0.0976,1811,1498920669,,,,CR_1
AUDCAD,1.0601,4694,1499051821,,,,CR_2
ZARAUD,0.0884,8532,1499165496,TR_1,SELL,,CR_1
ZARJPY,8.0393,2492,1498944434,TR_2,BUY,UA_6,CR_3
AUDCAD,0.9639,6612,1498909662,TR_1,,UA_1,CR_2
GBPAUD,1.6351,2476,1499205353,TR_1,,,
ZARCAD,0.0888,863,1499070676,,,,
ZARGBP,0.0564,3484,1499180104,TR_2,SELL,UA_2,CR_1
AUDGBP,0.5569,9912,1499117283,TR_4,SELL,,
AUDGBP,0.58,4494,1498958298,TR_5,BUY,,CR_3
ZAREUR,0.0627,7486,1499040908,,,,
CHFAUD,1.3313,4098,1499111045,TR_2,SELL,,
USDCAD,1.2032,7486,1498975894,,,,
EURAUD,1.3333,9611,1499027619,TR_3,,UA_1,CR_3
NZDZAR,9.1106,3056,1499041010,TR_3,,UA_9,CR_2
CADGBP,0.562,4863,1499162019,TR_3,,UA_3,CR_1
NZDAUD,0.9641,6150,1499193510,TR_2,BUY,,CR_1
USDCAD,1.126,4862,1499071195,TR_2,,,
NZDUSD,0.7528,1259,1498976282,TR_3,SELL,UA_5,CR_2
AUDZAR,9.5769,2585,1499025091,TR_3,BUY,UA_7,CR_1
GBPEUR,1.2041,7482,1498985663,TR_3,SELL,,
ZARJPY,8.6477,3943,1498904562,,,UA_6,
ZARAUD,0.1014,7873,1499158763,TR_1,,,
USDJPY,118.8025,9180,1499129498,,,,CR_3
EURGBP,0.9323,4430,1499131985,TR_2,,UA_5,
EURUSD,1.2195,3414,1499029780,TR_5,,,
AUDGBP,0.6172,6871,1499095301,,SELL,,CR_2
GBPZAR,16.5846,6627,1499056024,TR_1,SELL,,
GBPCHF,1.1601,4233,1499050928,,BUY,UA_8,CR_1
JPYUSD,0.0087,1205,1499200624,TR_3,,UA_8,CR_3
USDCHF,1.0314,9024,1498947107,TR_4,SELL,,CR_3
CADZAR,10.9796,5948,1499161822,,,UA_6,
CADAUD,0.9429,338,1499183054,,BUY,,
EURGBP,0.8125,2558,1499114422,TR_5,,,
NZDGBP,0.5711,7392,1499094253,TR_1,BUY,UA_2,
USDJPY,118.1399,7481,1498995874,TR_1,,UA_8,
ZAREUR,0.0592,7754,1499067991,,SELL,UA_7,
GBPNZD,1.8011,2899,1499086580,TR_3,,UA_9,CR_3
GBPNZD,1.8873,8702,1498958764,TR_2,BUY,,
GBPUSD,1.3638,5907,1499018133,TR_3,,,
NZDCHF,0.7577,7014,1498921782,,BUY,UA_9,
ZARUSD,0.0696,5242,1498973204,TR_3,BUY,UA_1,CR_2
GBPNZD,1.8845,6261,1499125889,,SELL,UA_8,CR_3
CHFNZD,1.3869,3617,1498964516,TR_5,SELL,UA_2,
ZARCHF,0.0724,6472,1498982326,TR_5,,,CR_1
NZDGBP,0.5797,9496,1498998443,TR_5,,,
ZARNZD,0.0947,4405,1498995724,,,,CR_2
ZARCHF,0.0727,772,1499213863,TR_3,,,
CHFEUR,0.9326,9038,1499149288,,SELL,UA_8,CR_2
CADAUD,0.9319,2702,1499181706,,,UA_3,
GBPEUR,1.0335,1020,1499199118,TR_5,,,
USDAUD,1.1983,9730,1498996584,TR_3,,,
EURJPY,117.3508,7231,1498973771,TR_1,SELL,,
CHFGBP,0.7968,1191,1499002165,TR_4,BUY,,
JPYUSD,0.0096,7752,1499048460,TR_2,,,
CHFAUD,1.2321,3592,1499016007,TR_4,BUY,UA_4,
USDEUR,0.8482,6365,1498896611,TR_1,BUY,,CR_1
USDCHF,0.9,1962,1499019064,TR_4,BUY,,CR_2
USDJPY,117.4584,6314,1499160129,TR_1,SELL,UA_7,
AUDUSD,0.7255,781,1499198040,TR_1,,,
EURUSD,1.1592,198,1499158408,,SELL,UA_3,
EURUSD,1.1518,3550,1498894678,TR_2,,,
NZDCHF,0.7735,6331,1499011641,,,UA_6,CR_3
USDNZD,1.331,5975,1499096694,TR_2,SELL,UA_1,CR_2
CADNZD,1.1146,505,1499212271,TR_1,SELL,,CR_2
CADAUD,1.048,8411,1499108509,,,UA_7,
CHFEUR,0.9289,3691,1499206044,,BUY,UA_3,CR_2
NZDUSD,0.7626,7531,1498966416,TR_3,,,
ZARUSD,0.0808,9252,1498991078,TR_4,BUY,,
NZDGBP,0.534,6280,1499209665,,SELL,,
CADAUD,0.9104,4124,1498951314,,BUY,UA_1,CR_2
CADEUR,0.7005,6875,1499063991,,SELL,,
ZARGBP,0.0621,7601,1499134184,,,UA_4,CR_2
CADEUR,0.6252,9318,1499152533,,,,
CHFZAR,14.5922,376,1499032058,,BUY,UA_6,CR_3
AUDUSD,0.7217,9832,1499086537,,BUY,UA_6,CR_2
AUDZAR,9.5152,8111,1499160728,TR_5,SELL,UA_5,
AUDCHF,0.7486,5352,1499079769,,,UA_2,CR_2
AUDUSD,0.7676,7036,1499209638,TR_5,,UA_3,
USDAUD,1.2563,9968,1499000085,TR_5,,,CR_3
GBPUSD,1.359,574,1499050161,,SELL,,
EURGBP,0.8786,8741,1498975118,TR_2,SELL,UA_9,CR_2
ZARJPY,9.1017,1776,1499113096,TR_2,SELL,UA_7,
GBPNZD,1.6578,3466,1499012160,,BUY,,CR_3
ZAREUR,0.063,9578,1499181093,TR_3,SELL,UA_5,CR_3
ZARGBP,0.0578,158,1498911976,,SELL,,
CADEUR,0.7088,4899,1499068428,,,UA_1,CR_3
ZARCHF,0.0814,3125,1499112361,,,,CR_2
EURNZD,1.503,5655,1498961030,TR_3,SELL,,CR_2
JPYCHF,0.0091,4547,1498929180,TR_4,,,CR_1
JPYNZD,0.0114,8589,1499211044,TR_4,BUY,,CR_2
CADGBP,0.6447,3729,1498963194,TR_4,BUY,UA_8,CR_2
ZARUSD,0.0704,5199,1498968705,TR_5,BUY,UA_9,CR_3
ZARCHF,0.0776,3309,1498933392,,SELL,UA_5,CR_2
JPYZAR,0.1157,9569,1498918550,,,UA_2,
CHFCAD,1.2222,8820,1499212090,,BUY,UA_8,CR_3
CADGBP,0.6353,5700,1499116082,TR_5,BUY,UA_5,
AUDJPY,80.2279,1942,1498987240,,,UA_2,CR_2
USDCAD,1.3564,4877,1499136509,TR_1,BUY,UA_9,
CADAUD,0.9777,8948,1499168579,,,,CR_2
GBPEUR,1.0535,3856,1499147370,TR_5,BUY,,CR_3
EURJPY,132.1876,3161,1499029627,TR_4,BUY,UA_1,CR_3
CHFZAR,13.737,7937,1499065256,TR_1,SELL,,CR_2
AUDZAR,10.2231,2783,1499163522,TR_2,,UA_4,CR_1
CADEUR,0.7064,9347,1499185482,,,,CR_3
GBPEUR,1.2267,1499,1499000167,TR_5,SELL,,CR_3
AUDZAR,9.4779,4357,1498976553,,,UA_8,
USDEUR,0.8589,9198,1499057901,,BUY,,CR_3
USDCAD,1.2135,6130,1499098675,,BUY,UA_8,
EURCAD,1.4657,8952,1498910271,TR_3,,UA_9,CR_2
CADJPY,98.1597,9442,1499112934,,SELL,,
CHFZAR,13.943,3300,1499150335,TR_2,SELL,,CR_1
USDAUD,1.1292,4225,1498922364,,,UA_10,CR_2
ZARGBP,0.0527,538,1499023405,TR_2,,UA_10,
ZARUSD,0.0717,5342,1499035936,,SELL,UA_1,
ZARAUD,0.0898,5003,1498991115,TR_2,,,
USDCHF,0.876,4425,1498903214,TR_2,SELL,,
JPYNZD,0.0129,2052,1499115514,,BUY,,
EURNZD,1.4514,8954,1498916088,,,,
USDEUR,0.9141,6408,1499017471,,BUY,UA_8,
EURAUD,1.3325,8358,1499063256,,SELL,,
CADAUD,0.9746,9297,1498947291,TR_2,,UA_3,CR_1
ZARCAD,0.0959,1122,1499201826,TR_5,,,
JPYCHF,0.008,7654,1499193766,,SELL,UA_10,CR_1
CHFAUD,1.1629,5525,1499212665,TR_1,,UA_10,
USDGBP,0.7175,7110,1498904137,TR_1,,UA_1,
CHFZAR,13.8787,8342,1498986377,,BUY,UA_6,
ZARCHF,0.073,4355,1498983975,,,,
CHFEUR,0.8353,5576,1498924609,TR_1,BUY,,CR_1
GBPUSD,1.4303,2787,1498978600,TR_4,SELL,UA_5,CR_1
USDAUD,1.2485,2790,1499165757,TR_5,BUY,,CR_3
USDCAD,1.1371,6071,1499191153,,,UA_1,CR_1
USDCHF,0.9757,6537,1498957426,TR_3,,,
AUDJPY,85.7192,6877,1499107018,,BUY,,
EURCAD,1.4841,2357,1499212550,TR_2,BUY,UA_5,
GBPNZD,1.7256,8344,1499207547,,,,CR_1
CADNZD,1.0622,6978,1499026264,,SELL,,CR_3
JPYAUD,0.0117,6493,1499130967,TR_2,BUY,UA_3,CR_2
GBPCHF,1.2745,5054,1498904966,TR_2,SELL,UA_9,
CADJPY,94.7257,7375,1499021226,,BUY,,CR_1
CADZAR,11.3214,4406,1499168120,,SELL,UA_8,
USDAUD,1.2146,9539,1498961147,,SELL,UA_3,
JPYAUD,0.0114,9363,1499189146,TR_5,,UA_9,CR_1
CHFGBP,0.816,6427,1498983152,,,UA_1,
ZARAUD,0.1038,3654,1498958143,,,UA_5,CR_3
EURCHF,1.1392,5270,1498950639,,SELL,UA_3,
GBPAUD,1.7122,5515,1499196224,,,,CR_2
JPYAUD,0.0102,6238,1499029672,,,,CR_1
ZARNZD,0.1068,1499,1498967291,,,UA_4,CR_2
CADJPY,91.8856,9780,1499096891,TR_3,BUY,UA_10,CR_3
GBPJPY,147.0276,2263,1499110889,,SELL,,
ZARGBP,0.0568,7078,1499039684,,,UA_8,CR_3
EURCAD,1.3864,1078,1498918010,,SELL,,
ZARCHF,0.0721,5548,1499186978,TR_5,SELL,,
CADCHF,0.8249,9803,1498935878,,,,CR_3
CHFJPY,110.2708,9745,1499209596,,,,CR_3
EURCHF,1.0774,5897,1499165547,TR_2,,UA_5,CR_1
AUDNZD,1.0441,624,1499119115,,,UA_1,CR_1
AUDEUR,0.6154,1907,1498979261,TR_3,SELL,UA_5,CR_2
CHFGBP,0.7528,9612,1498982267,TR_3,BUY,UA_8,CR_2
GBPCHF,1.1698,710,1498998559,TR_5,SELL,,
USDEUR,0.8523,171,1499096264,,,UA_5,CR_1
EURNZD,1.4596,8606,1499065777,TR_2,BUY,UA_4,
GBPJPY,149.8433,7741,1498913201,,BUY,,CR_2
AUDCHF,0.7524,4208,1498900876,,,,CR_3
AUDJPY,93.8863,912,1499185290,,SELL,UA_9,
EURGBP,0.8074,8278,1498971647,,,UA_6,
CADEUR,0.6871,3160,1499133184,TR_4,BUY,UA_3,CR_2
CADAUD,0.9275,68,1499106371,,SELL,UA_1,CR_3
EURGBP,0.8137,16,1499039061,TR_4,BUY,UA_7,CR_3
USDZAR,12.6851,2808,1499065804,TR_2,SELL,UA_2,CR_3
AUDUSD,0.7415,4590,1499096027,TR_4,,,CR_2
CADZAR,10.886,5648,1498983008,TR_2,BUY,UA_3,CR_2
JPYCAD,0.012,9104,1498958612,,BUY,UA_7,CR_2
GBPUSD,1.4058,3306,1498901655,TR_3,BUY,UA_8,
CHFGBP,0.7947,2598,1499192604,TR_1,SELL,,CR_1
JPYCAD,0.0106,1560,1498971821,,,UA_3,CR_2
JPYAUD,0.0117,1850,1498948059,,BUY,,
NZDJPY,77.671,8407,1498933125,,,UA_10,CR_2
EURCHF,1.0637,2661,1499201741,TR_4,,UA_5,
USDEUR,0.889,106,1499140469,,,,CR_2
EURCHF,1.2003,1134,1499045072,TR_2,,,
AUDJPY,96.7436,9427,1499044526,,SELL,UA_1,
ZARNZD,0.1039,3853,1499061282,TR_3,,,
CHFNZD,1.4378,7617,1499075828,,,,CR_1
NZDCAD,0.9733,6755,1499204723,TR_2,,UA_8,
JPYAUD,0.0104,1862,1499171515,TR_4,,,
GBPCHF,1.3175,4401,1498895249,TR_4,,UA_1,CR_2
ZARUSD,0.082,926,1498968327,,SELL,,CR_1
NZDCHF,0.7507,5508,1498985307,TR_3,,UA_10,CR_2
EURUSD,1.2233,7382,1498915968,,SELL,UA_4,
NZDAUD,0.9876,59,1499200035,,SELL,UA_8,CR_2
GBPCAD,1.5094,1097,1498965428,,,,
CHFEUR,0.7896,1834,1499213929,TR_2,BUY,UA_3,
JPYEUR,0.0072,8021,1498974688,,BUY,,CR_2
USDEUR,0.7901,1737,1499151647,,,,
CADZAR,11.0432,3001,1499064514,,,,
USDEUR,0.9153,7361,1499084797,TR_1,,,
CADJPY,87.7853,4911,1499016738,TR_4,,UA_9,
EURCAD,1.5825,3641,1498974406,TR_4,,,
EURUSD,1.1551,3650,1499142510,,BUY,,CR_2
AUDUSD,0.8539,2446,1499112191,,,UA_5,CR_3
ZAREUR,0.0694,4855,1499106996,,SELL,,
USDNZD,1.4609,1985,1499049648,TR_2,,,
USDAUD,1.2492,9763,1499013878,TR_3,SELL,,CR_3
ZARJPY,9.1835,7686,1499209222,,BUY,,
CHFUSD,0.938,8990,1499073006,,SELL,UA_10,CR_3
CHFEUR,0.8861,452,1499113661,TR_3,BUY,,
CADCHF,0.7924,2433,1499082451,,,UA_9,
NZDEUR,0.5981,8368,1499181339,TR_2,,,CR_3
EURGBP,0.8774,5528,1499098510,TR_5,BUY,,
EURJPY,127.6525,8567,1499047841,,,UA_9,
ZARCAD,0.1027,2669,1498938286,,,,CR_2
AUDEUR,0.7312,2774,1499173515,TR_3,SELL,UA_8,
CHFJPY,121.5041,3313,1499098469,,,UA_9,CR_2
GBPCHF,1.2671,7622,1499121733,TR_4,SELL,UA_5,CR_3
USDNZD,1.3963,1911,1499113644,,,UA_3,
ZARGBP,0.054,5623,1498933297,TR_4,BUY,UA_2,
AUDGBP,0.606,8921,1499091137,TR_4,SELL,,CR_2
NZDCAD,0.9599,1643,1498925982,,SELL,UA_4,CR_1
USDCAD,1.1727,4885,1499105195,TR_3,,,CR_2
NZDAUD,0.9922,7087,1498900609,,,UA_8,CR_2
JPYCAD,0.0123,1184,1498909517,,,,
USDCAD,1.3574,1929,1499067722,TR_1,,,
JPYCHF,0.0083,6503,1499051688,TR_2,SELL,,CR_1
ZARJPY,7.8107,6516,1499135713,,BUY,UA_7,
CADAUD,0.9527,1260,1499072303,TR_2,,UA_4,CR_2
CHFJPY,104.5855,1535,1498928616,,SELL,UA_5,
ZAREUR,0.0704,9029,1499089526,,,UA_3,CR_3
GBPEUR,1.1278,7133,1498939926,TR_4,SELL,UA_1,
EURCHF,1.1376,3584,1499020983,TR_1,,,
NZDAUD,0.9924,7353,1499135188,TR_1,SELL,,
CHFUSD,1.0044,9078,1499208103,,,UA_4,
GBPJPY,147.5643,3035,1499104612,,BUY,,CR_1
JPYAUD,0.0114,8091,1498918080,,,,
EURZAR,16.0242,8356,1499013425,,,UA_8,
EURUSD,1.2757,430,1498900744,TR_3,,UA_2,CR_3
EURJPY,139.517,7774,1499030907,TR_3,BUY,,CR_1
CADJPY,83.2277,5451,1498913998,TR_1,,,CR_1
CADNZD,1.0047,6844,1499182708,TR_2,BUY,UA_7,
EURJPY,123.0831,1640,1499033761,TR_5,BUY,,CR_2
NZDCAD,1.0213,1704,1499161119,,,,
ZARUSD,0.0705,7357,1499146927,,,,CR_3
ZARGBP,0.0567,3066,1499213093,,SELL,UA_1,
USDGBP,0.7075,4253,1499044738,,,UA_2,CR_1
AUDEUR,0.6813,9366,1499083754,,BUY,,CR_3
GBPAUD,1.7153,4940,1499086476,TR_5,BUY,,CR_1
CHFEUR,0.7961,4989,1499186983,,,,CR_3
EURZAR,14.0533,3496,1499041869,,,UA_8,CR_1
NZDEUR,0.6993,9861,1498945520,TR_1,SELL,,
GBPJPY,149.3215,9853,1499156999,,BUY,,CR_1
AUDUSD,0.7303,3833,1499014841,,,,
JPYUSD,0.0094,5634,1498918541,,SELL,,
CHFAUD,1.3852,3889,1499127064,,,,
NZDCAD,0.9336,2133,1499046805,,,,
EURZAR,13.8781,3653,1499159876,,,,
ZARGBP,0.0541,7615,1499198430,,BUY,,CR_3
USDCHF,0.9726,4451,1499034047,TR_5,,UA_4,CR_2
GBPEUR,1.1308,9194,1499029869,TR_3,BUY,UA_5,
ZAREUR,0.0656,9366,1499163504,TR_3,SELL,UA_7,
USDGBP,0.7858,1432,1498954294,TR_4,,,
ZARCAD,0.0909,2631,1498968284,,SELL,UA_4,CR_1
ZAREUR,0.0603,1645,1499111264,TR_2,SELL,,CR_1
AUDEUR,0.6783,8449,1499004980,,,,CR_1
CADZAR,11.2953,8355,1499093805,TR_3,,,CR_3
AUDNZD,0.9734,9107,1499068850,,,,CR_1
USDZAR,13.2262,6162,1498981591,,,,
USDCHF,0.8975,883,1498937666,TR_3,,,
AUDCAD,1.0261,8969,1498980120,TR_4,,,CR_3
GBPJPY,131.8588,3267,1499195948,,BUY,,
CHFJPY,119.5463,679,1499087409,TR_5,,,CR_1
USDAUD,1.1271,5262,1499121923,,BUY,UA_1,CR_1
NZDAUD,0.8827,7340,1499158190,TR_5,,UA_9,
GBPUSD,1.2008,1413,1499189867,,BUY,UA_5,
ZARAUD,0.0986,2736,1498910267,,SELL,,CR_2
ZARCHF,0.0765,3208,1498959485,TR_5,,,
ZARAUD,0.0906,7313,1498928754,,,,CR_1
CADNZD,1.0492,3633,1498959453,TR_5,,,
NZDZAR,9.9724,497,1499025279,,,UA_5,CR_3
USDZAR,12.4,7908,1498970109,,SELL,,CR_2
CHFUSD,0.9666,5629,1499199152,TR_2,BUY,UA_9,
CADJPY,88.313,57,1498949595,,SELL,,
CHFJPY,106.6218,3232,1499095630,,BUY,UA_4,
AUDNZD,0.987,2513,1499193553,,,,CR_3
USDGBP,0.774,190,1498949576,TR_2,SELL,UA_4,
CHFUSD,1.0932,7922,1499108787,,,,CR_2
EURZAR,16.1077,8960,1499049193,TR_1,BUY,UA_10,CR_1
AUDEUR,0.7409,5692,1498902541,,BUY,,CR_1
USDNZD,1.3059,8645,1499009902,,SELL,UA_6,CR_2
NZDCHF,0.7313,7019,1499117870,,,,
CADCHF,0.803,3106,1499174130,,BUY,UA_2,
GBPCHF,1.2666,9895,1498946212,TR_1,SELL,,CR_3
JPYGBP,0.0071,8310,1499005339,,BUY,UA_4,
AUDCAD,0.9336,8636,1498924965,TR_4,BUY,UA_6,CR_1
GBPEUR,1.0605,3835,1498918950,,,,
USDNZD,1.4093,2811,1499113916,TR_3,,,
NZDUSD,0.7191,9287,1499052071,TR_1,SELL,,
NZDJPY,78.643,9065,1499010595,TR_3,,UA_4,CR_3
ZARAUD,0.1022,8927,1499180710,,SELL,,
AUDCAD,1.0113,7340,1499130017,,SELL,UA_7,
GBPNZD,1.6927,9988,1499026756,TR_3,SELL,UA_8,CR_1
AUDCAD,1.0754,2795,1499075925,TR_3,,UA_8,
AUDEUR,0.6945,6096,1499192630,,,UA_10,
NZDUSD,0.7901,7782,1499137013,TR_3,SELL,UA_9,
CADNZD,1.0413,7207,1498917916,TR_1,BUY,UA_10,
EURJPY,135.232,2977,1498987331,TR_3,,,CR_3
USDEUR,0.7742,5630,1499079108,,SELL,UA_9,
CADEUR,0.7497,4510,1499106600,TR_3,,UA_7,CR_1
USDCAD,1.1318,408,1499080083,TR_1,,UA_1,
USDCHF,1.0264,8475,1499063193,TR_2,SELL,UA_7,CR_1
CHFCAD,1.1693,6776,1499136547,,SELL,UA_9,CR_1
NZDAUD,0.9407,7302,1499093944,TR_5,BUY,UA_7,
JPYGBP,0.0073,2854,1499173342,TR_1,,UA_3,CR_1
AUDCAD,0.9761,1519,1499027516,TR_4,,UA_10,
JPYZAR,0.119,8438,1498984217,,BUY,UA_9,CR_3
CADZAR,9.8512,3667,1499129563,,SELL,UA_8,CR_3
EURJPY,133.3362,7852,1499097244,TR_1,BUY,UA_3,CR_3
NZDCHF,0.7551,5362,1499130914,,,UA_2,CR_1
NZDAUD,0.9858,6534,1499213287,,,,
NZDCHF,0.7789,3542,1499093343,,SELL,,CR_2
NZDAUD,0.8621,1179,1498972612,TR_5,,UA_5,CR_2
CHFGBP,0.8389,1646,1498929766,,SELL,,
CHFGBP,0.831,899,1498909074,TR_2,,,CR_1
USDGBP,0.7453,1256,1499129067,,,UA_5,CR_1
NZDEUR,0.5998,4529,1499193436,,,,CR_3
GBPUSD,1.4046,5020,1498999395,TR_2,,UA_10,CR_1
CHFNZD,1.2746,1124,1499161947,,SELL,,
GBPCAD,1.559,1848,1499002355,,,,CR_1
CHFNZD,1.4815,2734,1499117180,,,UA_3,
JPYZAR,0.116,5199,1498977273,TR_5,,,CR_2
ZARCHF,0.0747,1442,1499107430,,SELL,,CR_2
GBPEUR,1.23,1571,1499110549,TR_4,,UA_10,CR_3
ZAREUR,0.0596,5698,1498945731,TR_3,BUY,UA_5,CR_3
AUDCAD,1.0854,3177,1499098531,TR_3,,,
AUDUSD,0.8257,3670,1499207988,,BUY,,CR_1
JPYEUR,0.0078,253,1499204618,,BUY,,
CHFUSD,1.0927,6175,1499071998,,,UA_9,
ZAREUR,0.0697,7206,1498915768,,BUY,UA_2,
CHFEUR,0.951,3982,1499082537,TR_5,BUY,,CR_2
GBPJPY,135.6963,8230,1499020163,,,,CR_2
ZARCAD,0.0895,8088,1499179331,,BUY,,
JPYEUR,0.0074,1555,1498985493,TR_5,,,CR_2
EURGBP,0.8574,1695,1498999753,,SELL,UA_9,
CADZAR,10.3536,6067,1499045311,TR_5,,UA_2,CR_3
JPYUSD,0.0093,8191,1499143003,,,UA_2,CR_1
CADCHF,0.7974,1409,1499038995,TR_5,,UA_8,
CADCHF,0.7309,8417,1499112947,TR_3,,,CR_2
ZARJPY,8.4071,2147,1499012351,TR_1,BUY,UA_6,CR_2
ZARAUD,0.0959,7034,1499166318,,,,CR_3
GBPEUR,1.0129,6067,1499129660,,,,
ZARNZD,0.1032,389,1498897360,TR_1,SELL,,CR_3
USDNZD,1.262,2475,1498910108,TR_3,,UA_1,
AUDZAR,9.598,9530,1499001049,TR_5,BUY,,
AUDGBP,0.6164,5631,1499039027,,SELL,,
GBPJPY,140.9483,7892,1499023520,TR_5,,UA_7,
AUDZAR,10.7578,7216,1498941284,TR_5,,UA_9,
CADNZD,1.1076,403,1498980769,TR_4,BUY,,CR_2
USDAUD,1.1522,8456,1499120409,TR_4,,UA_7,
CADCHF,0.7126,2611,1499059437,TR_2,,,CR_1
CADAUD,1.0979,271,1499198850,,SELL,,
EURCAD,1.5865,2603,1499092527,TR_5,SELL,UA_8,
ZARCHF,0.0726,4859,1499213661,TR_3,BUY,,CR_2
CHFUSD,1.1252,9422,1498961583,,,,
ZAREUR,0.0711,6850,1498949823,,,,CR_2
USDGBP,0.7807,5483,1499010425,TR_4,,,CR_3
NZDUSD,0.701,641,1499080480,TR_4,BUY,UA_4,CR_3
USDNZD,1.4308,2207,1499184972,,,UA_10,
EURZAR,15.6616,3395,1499090250,TR_2,BUY,,CR_3
AUDNZD,1.0015,2236,1499077826,,,,CR_3
GBPCAD,1.7774,7088,1499110603,TR_1,BUY,UA_8,CR_1
EURCHF,1.108,5630,1498895249,TR_4,,,
EURNZD,1.5406,5938,1499062992,TR_2,,,
CADCHF,0.7555,2326,1499064604,TR_1,SELL,,CR_1
EURAUD,1.5871,6296,1499019412,,SELL,,CR_3
CADEUR,0.7296,8149,1499014153,TR_3,BUY,UA_5,
CHFJPY,115.761,8148,1498963633,,,UA_2,
ZARAUD,0.1033,4428,1498985460,TR_2,,,CR_3
ZARUSD,0.0745,9782,1499134862,TR_1,,UA_2,
CADNZD,1.1038,6201,1499052952,,,UA_2,CR_2
CHFUSD,1.0684,6382,1499033123,,,,CR_2
EURZAR,15.8307,5932,1499164081,TR_2,,,CR_3
GBPCAD,1.7394,8724,1499075613,,,UA_8,CR_1
EURJPY,125.3033,2047,1499169951,TR_4,SELL,,
EURCHF,1.1549,8758,1499070815,TR_2,,UA_3,CR_3
NZDZAR,10.4545,540,1499042764,,,,
NZDJPY,86.1878,3585,1498907583,,,,CR_1
ZARJPY,8.6191,8858,1499170846,,,UA_1,
EURCHF,1.2114,2341,1498988317,TR_5,,,
CHFZAR,12.3578,96,1498988015,,BUY,,CR_3
NZDCHF,0.7535,3183,1499047077,,BUY,UA_7,CR_1
NZDGBP,0.5483,5980,1499024350,,,,CR_1
CADJPY,96.2639,5263,1498937432,,SELL,,
USDGBP,0.8285,1544,1499155530,,SELL,UA_4,
ZARUSD,0.0776,164,1498974790,,BUY,,CR_3
GBPCAD,1.5087,2626,1499178429,TR_4,,,
ZARAUD,0.101,7805,1499187528,,BUY,UA_6,
NZDZAR,10.0828,4071,1499151923,TR_3,SELL,UA_3,CR_2
AUDNZD,1.1012,2821,1498912031,TR_3,SELL,,
CHFNZD,1.2529,2077,1499154454,TR_4,,UA_5,
AUDNZD,1.146,9291,1498934624,,SELL,,CR_2
AUDCHF,0.7274,7430,1498979366,TR_3,,,
GBPEUR,1.0539,4405,1499039340,TR_2,SELL,,
USDEUR,0.8966,7898,1498973122,TR_1,BUY,UA_10,CR_1
USDCAD,1.2075,837,1499063193,TR_5,,UA_1,CR_3
EURNZD,1.507,6381,1499000097,TR_5,BUY,,CR_2
CHFZAR,12.1099,2832,1498894374,TR_3,SELL,UA_3,CR_3
ZARJPY,8.2545,9016,1499131470,TR_1,,UA_8,CR_2
JPYEUR,0.0076,8638,1498941843,TR_1,,UA_7,
USDCHF,0.8837,4287,1498944556,TR_3,SELL,UA_6,CR_1
CADJPY,90.9262,9413,1499200626,TR_3,,UA_4,
NZDCAD,1.0092,2003,1499110782,TR_2,,UA_4,
NZDJPY,90.3201,7100,1499031415,TR_2,SELL,UA_5,
CHFCAD,1.1532,7849,1499117333,TR_5,,UA_1,
GBPAUD,1.5685,4469,1498985585,TR_3,,,
ZARNZD,0.095,2802,1498970350,TR_2,SELL,,CR_1
USDEUR,0.8037,4966,1499012653,TR_4,,UA_6,CR_3
JPYGBP,0.0065,54,1498936245,TR_5,BUY,UA_9,
GBPCHF,1.1628,5532,1498991860,TR_3,,,
CHFGBP,0.7513,9781,1499149468,TR_3,,UA_5,
JPYAUD,0.0113,9336,1499071394,,,,CR_1
NZDUSD,0.7164,676,1499037039,,SELL,,CR_1
GBPJPY,158.8169,8400,1499041285,TR_4,,UA_6,
CHFEUR,0.9067,3901,1499087682,,,,
EURCHF,1.2388,9816,1499090733,,SELL,,CR_3
CADEUR,0.7009,2303,1499148914,,,UA_4,
ZARUSD,0.0823,6120,1499182633,TR_4,BUY,UA_1,CR_2
CHFCAD,1.1839,5985,1499024923,,,,CR_2
CHFNZD,1.477,8808,1498997289,,BUY,UA_2,CR_1
USDEUR,0.8827,7385,1499102775,TR_5,,,
EURAUD,1.5648,5646,1498957118,TR_5,SELL,UA_6,
GBPJPY,136.0111,7432,1499142727,,BUY,,CR_3
EURAUD,1.5762,8118,1499120114,,BUY,,CR_3
USDZAR,11.8703,2378,1499031789,TR_5,,,CR_2
ZARCHF,0.0759,2399,1498899047,,,UA_6,CR_1
JPYNZD,0.0118,5575,1499082300,TR_2,,,CR_1
GBPCHF,1.2613,8177,1499194843,TR_5,BUY,UA_10,
CADNZD,1.1079,6588,1498906305,TR_2,,,
USDGBP,0.7571,5296,1498937271,,,,
CHFEUR,0.9498,5125,1499137980,,SELL,UA_1,CR_3
ZARGBP,0.0629,1593,1499170173,,,,CR_3
AUDCAD,0.9046,6622,1499087610,TR_1,,,
AUDJPY,88.1317,5930,1498920644,,BUY,,
JPYNZD,0.0114,7778,1499081489,,BUY,UA_2,CR_1
GBPUSD,1.2614,9607,1498991720,,,UA_4,
JPYGBP,0.007,8418,1499140675,,SELL,UA_6,
USDZAR,11.9231,5248,1499142397,,,,
EURUSD,1.1378,9355,1499084292,TR_2,SELL,,CR_3
JPYCHF,0.0085,3437,1498936039,,BUY,UA_3,CR_1
AUDUSD,0.7319,3955,1498987343,TR_1,,UA_2,CR_3
CHFCAD,1.3344,9023,1499064044,TR_5,,,
AUDEUR,0.6152,1717,1499144629,,,,CR_2
ZARGBP,0.0611,2423,1499034494,,BUY,,
ZARJPY,8.8032,2176,1498949096,TR_4,,,
USDGBP,0.7419,5299,1499015334,,,,CR_2
ZARNZD,0.1119,6398,1499015450,,SELL,,
GBPAUD,1.72,77,1499176214,TR_4,SELL,UA_10,CR_2
ZARCHF,0.0765,5855,1499187012,TR_1,,UA_8,
JPYEUR,0.0073,1630,1499213391,,SELL,UA_10,CR_2
GBPUSD,1.3425,4391,1499140221,,SELL,UA_8,CR_3
ZARNZD,0.1051,7110,1498937313,TR_1,,,
ZARCAD,0.0911,8776,1499185138,TR_2,BUY,UA_2,
GBPCAD,1.6485,6308,1499121090,TR_1,,,CR_1
NZDGBP,0.5426,3181,1498905103,TR_3,,UA_7,CR_3
AUDCAD,0.9723,8641,1499124868,TR_2,SELL,,CR_2
JPYEUR,0.0081,1757,1499153690,,,,
USDNZD,1.4221,1689,1499142656,,BUY,,CR_1
EURJPY,139.7129,3164,1498994145,,,,
GBPAUD,1.7087,4191,1498971820,TR_4,,,CR_3
USDGBP,0.7294,7064,1499177241,,BUY,UA_5,
EURAUD,1.3763,1153,1499088183,TR_3,BUY,,CR_1
ZARNZD,0.1099,9842,1499053774,TR_1,,UA_1,
CHFZAR,13.4263,1742,1499038325,TR_3,SELL,UA_8,CR_3
AUDCHF,0.8409,2967,1499112486,TR_5,BUY,UA_2,CR_2
NZDCHF,0.7837,7155,1498945082,,SELL,UA_4,
NZDAUD,0.8779,7055,1498966522,TR_3,SELL,UA_7,CR_2
NZDGBP,0.6097,2962,1498993280,,,UA_6,CR_1
GBPJPY,141.4542,4894,1499165038,,,UA_1,
ZARGBP,0.0591,8776,1498944761,TR_4,BUY,UA_5,CR_1
JPYCHF,0.0081,658,1498923509,TR_4,BUY,,
GBPCAD,1.6678,6694,1499012010,,,,CR_3
JPYGBP,0.0063,2739,1499192081,,SELL,,CR_1
AUDCHF,0.7322,7166,1498970720,,,UA_5,
GBPCHF,1.403,2096,1499088952,TR_4,,,CR_2
AUDCAD,1.0825,5504,1498918754,TR_5,,,CR_1
EURNZD,1.4528,5103,1499206613,,SELL,UA_2,CR_2
JPYZAR,0.1137,5364,1499052665,TR_2,SELL,,CR_1
NZDCAD,0.9077,6097,1499077973,TR_5,,,
JPYAUD,0.0103,4653,1499134262,,,UA_8,CR_3
CHFJPY,125.01,7907,1499082280,TR_1,,,CR_2
CADEUR,0.6771,7010,1499114592,TR_3,,,CR_2
NZDCAD,0.9049,6192,1498982752,,,UA_6,CR_3
CADJPY,93.9073,232,1499158105,TR_3,,,CR_3
USDNZD,1.3684,1729,1499137970,,,UA_5,
AUDJPY,84.2143,8454,1498918881,,BUY,UA_9,
CADCHF,0.753,3819,1499180843,,SELL,UA_2,
USDZAR,13.3083,8722,1499098722,TR_2,,,CR_2
EURUSD,1.1307,5272,1499150935,TR_2,,,
GBPEUR,1.2161,4759,1499211724,TR_1,,UA_2,CR_1
EURNZD,1.4582,9640,1499028653,TR_3,SELL,UA_10,CR_3
GBPJPY,154.2508,2286,1499097124,,,,
CHFCAD,1.2027,5647,1498986029,,BUY,UA_5,
JPYGBP,0.0072,7729,1498992255,,SELL,UA_4,
AUDUSD,0.7547,6814,1499119010,TR_1,,,
USDEUR,0.816,9126,1499003838,TR_3,SELL,,CR_2
AUDCAD,1.026,1901,1499123930,,,,
JPYAUD,0.0107,3453,1498970814,TR_5,,UA_1,CR_2
CADUSD,0.8088,983,1499191311,TR_4,BUY,UA_2,CR_2
CHFJPY,122.7914,3976,1498968627,,,,
ZAREUR,0.0596,2720,1499103227,,BUY,,CR_3
USDNZD,1.3833,8391,1499156892,,SELL,UA_1,CR_2
NZDZAR,10.1159,4827,1498902396,,,,
CHFZAR,14.0374,9939,1498928959,TR_3,,UA_10,CR_3
JPYCHF,0.0082,8230,1499124559,TR_3,,UA_4,
JPYCHF,0.0087,917,1498916899,TR_2,,UA_3,
USDEUR,0.877,7515,1499056320,TR_2,,,
USDCHF,1.0277,9164,1498915507,,BUY,,CR_3
ZARCHF,0.0681,1783,1499095845,,SELL,UA_10,
EURNZD,1.5095,223,1498976554,TR_5,SELL,UA_3,CR_1
USDCHF,0.8829,9693,1498979388,,SELL,,CR_3
AUDCAD,1.0106,8256,1499039069,TR_4,,,
USDNZD,1.3307,5580,1499213581,,,UA_1,
USDAUD,1.2811,5555,1499125504,TR_4,BUY,UA_5,CR_3
EURNZD,1.621,8536,1498898292,,SELL,,
JPYCAD,0.0123,5909,1498901489,,,UA_10,CR_2
USDNZD,1.2801,956,1498907480,,,UA_9,
CHFEUR,0.9532,5420,1499094142,,SELL,,CR_3
EURCHF,1.058,5808,1499179108,TR_1,,UA_8,CR_1
NZDCAD,0.8411,9896,1498910062,,,,
EURCAD,1.4399,3345,1498970288,,BUY,,CR_2
AUDUSD,0.7262,240,1499200254,TR_2,,,
NZDAUD,0.8962,122,1498927438,TR_4,,,CR_1
GBPUSD,1.2009,215,1499075355,,SELL,UA_7,CR_3
AUDCAD,0.9557,4556,1498901645,,,UA_6,
CADNZD,0.9996,2255,1499126101,TR_1,,,
CHFUSD,1.0317,9101,1499138337,,,UA_2,
GBPAUD,1.5066,9139,1498996179,,,UA_6,CR_3
USDEUR,0.8611,779,1499186895,,,,
USDGBP,0.7026,284,1498905888,,BUY,,CR_1
CADZAR,9.4775,5027,1498912495,TR_1,SELL,,CR_1
CHFNZD,1.3083,1069,1499033445,,,,CR_2
EURJPY,120.6206,6713,1499084785,,,UA_1,
EURNZD,1.5718,1751,1498898982,,SELL,,CR_1
EURGBP,0.9516,6260,1499043651,TR_5,,UA_3,
NZDCAD,0.8902,8494,1499112157,TR_3,SELL,UA_6,CR_2
GBPCHF,1.368,5315,1499015884,,,,CR_3
GBPAUD,1.5229,2328,1499202627,,,,
USDEUR,0.7859,9907,1499019837,TR_4,,,
AUDCAD,0.9845,2024,1499147443,,,UA_2,
USDJPY,100.2298,5565,1498947010,,,UA_8,CR_2
USDGBP,0.8168,6650,1498918874,,,,CR_1
JPYAUD,0.0116,9588,1498989944,TR_4,,UA_3,
EURZAR,16.2153,1024,1499161943,TR_5,BUY,UA_3,
USDJPY,113.8779,9962,1499206581,TR_4,BUY,,
GBPAUD,1.6985,4749,1499177878,,,UA_3,
NZDCHF,0.7108,1643,1499065683,TR_3,SELL,UA_3,CR_1
AUDUSD,0.7321,7732,1499200388,,SELL,,
USDZAR,11.7975,2339,1498990081,TR_2,BUY,UA_2,
AUDEUR,0.6901,8122,1498960233,,SELL,UA_9,CR_2
AUDJPY,80.7371,2147,1499040939,TR_5,,UA_4,
GBPJPY,140.8462,5014,1498950420,,SELL,,CR_2
GBPJPY,143.303,4335,1499127955,,,UA_8,
EURCHF,1.0918,379,1499123022,TR_2,SELL,,
NZDJPY,86.9797,6670,1498935897,,,UA_10,CR_3
CHFEUR,0.8697,5261,1499090128,,BUY,,
JPYCHF,0.0086,8236,1499141260,,,,CR_1
USDGBP,0.7921,8360,1499033842,TR_1,SELL,,
AUDNZD,1.0743,8350,1499059281,,,,
NZDJPY,87.2328,4279,1499197885,TR_2,,,
GBPAUD,1.7823,8948,1498959961,TR_2,,,
EURCAD,1.47,365,1499016133,,BUY,UA_8,
JPYCAD,0.0122,8206,1498999214,,,,CR_1
CADAUD,1.0906,8306,1498915380,,,UA_8,CR_1
ZARNZD,0.1082,5292,1499061131,,,UA_5,CR_2
NZDUSD,0.8002,96,1499093581,TR_5,SELL,UA_4,CR_1
GBPNZD,1.6585,6176,1499035219,,BUY,,
AUDJPY,90.9584,4838,1499129304,TR_2,SELL,,
EURAUD,1.4974,4053,1499142913,TR_4,,,
NZDCAD,0.8581,9400,1498960789,,SELL,UA_8,CR_3
GBPCHF,1.375,2076,1498980301,TR_3,SELL,UA_1,CR_2
USDEUR,0.7941,4254,1499211180,TR_4,SELL,UA_8,
JPYEUR,0.008,2737,1499031644,TR_2,,UA_8,CR_1
CADUSD,0.7653,2806,1499156166,,,UA_10,
CADEUR,0.7264,9115,1498985804,,SELL,UA_2,CR_1
CADEUR,0.6913,4067,1498992585,,BUY,UA_7,
USDGBP,0.7222,2473,1498915824,,,,
CHFJPY,108.1505,1258,1499135110,,SELL,,CR_2
USDJPY,106.025,9901,1499072801,,BUY,UA_7,
GBPAUD,1.8023,1801,1498952446,TR_5,BUY,,CR_1
EURNZD,1.6066,7638,1498996304,TR_1,,,
USDJPY,101.6379,9083,1499083593,,,UA_6,
EURCAD,1.4818,1486,1499075905,TR_3,,,CR_1
EURCAD,1.3653,9166,1498988551,TR_1,BUY,UA_3,CR_2
CADEUR,0.6968,7334,1498903023,,,UA_7,CR_3
NZDCAD,1.0143,4137,1499112364,TR_5,BUY,UA_8,
JPYEUR,0.0083,2613,1499077948,,,UA_7,
AUDZAR,9.8181,8327,1499131887,TR_4,BUY,,CR_2
AUDEUR,0.7143,5984,1499016938,TR_1,,,CR_3
NZDUSD,0.8216,3511,1498984533,,,UA_1,CR_3
NZDZAR,9.8865,5442,1498975745,TR_5,SELL,,
ZARJPY,7.9508,4535,1498995114,,SELL,UA_1,CR_3
CHFGBP,0.822,1548,1498998906,,SELL,UA_3,CR_1
GBPCHF,1.3848,3038,1499197840,TR_1,,,
USDNZD,1.381,7856,1499097354,,BUY,UA_8,CR_2
CADJPY,86.0387,2785,1499013120,TR_2,,,
CHFGBP,0.7989,4624,1499005603,,SELL,UA_5,CR_3
AUDEUR,0.6661,3433,1499042382,,,UA_8,
EURCAD,1.5575,6233,1499207639,TR_5,BUY,,
ZARAUD,0.0953,6710,1498919338,,,,CR_2
ZARCHF,0.0712,6657,1498929800,TR_2,,,
USDAUD,1.1945,8511,1499093104,TR_3,,UA_4,
CADGBP,0.5954,7287,1498897507,TR_4,,,
USDCAD,1.3548,4074,1499118901,TR_5,,,
CHFZAR,13.6081,6774,1499136944,,SELL,UA_2,CR_1
GBPEUR,1.2153,6786,1499207168,TR_1,,,CR_2
USDCHF,0.922,4834,1498921542,,,UA_6,CR_3
CHFAUD,1.4149,4678,1499042517,,BUY,,CR_3
EURJPY,137.6739,357,1499113227,,BUY,UA_2,
USDCAD,1.1408,6403,1499117173,,,UA_5,CR_1
NZDUSD,0.7686,2214,1498959832,TR_4,,,
USDCHF,1.005,375,1499085444,TR_4,SELL,UA_2,
GBPNZD,1.8192,2140,1498961942,,BUY,UA_1,CR_3
EURAUD,1.3787,7698,1498964181,,SELL,UA_5,CR_1
JPYEUR,0.0076,5562,1498909982,TR_5,,,
GBPZAR,17.1681,3981,1498971132,TR_2,SELL,,CR_1
CADUSD,0.8523,6949,1499035373,,SELL,UA_10,CR_2
EURGBP,0.9684,402,1498898837,,,,CR_2
CHFCAD,1.2627,413,1498983713,,SELL,UA_3,
CADCHF,0.7975,9208,1499126436,TR_3,BUY,,CR_1
ZARGBP,0.0568,2067,1499076612,,BUY,UA_8,
CHFNZD,1.4235,436,1498944552,,SELL,UA_9,
JPYCHF,0.0088,6257,1499158700,TR_4,BUY,UA_9,
EURAUD,1.4899,6995,1498962388,,,,CR_1
JPYGBP,0.0063,167,1499041822,TR_4,SELL,,
ZAREUR,0.0681,6618,1498958887,TR_5,,UA_7,CR_2
GBPCAD,1.6026,397,1499003274,,SELL,,
CHFJPY,115.0627,7205,1499044626,TR_4,SELL,UA_7,
CADCHF,0.7718,6261,1499097092,,SELL,,
CHFUSD,0.9901,5981,1499139464,,,UA_1,CR_2
ZARUSD,0.0773,9381,1498992791,TR_2,BUY,UA_6,
ZARAUD,0.1047,6796,1499180637,TR_2,BUY,UA_10,CR_1
CADNZD,1.0657,5134,1499042365,TR_4,SELL,,
AUDJPY,86.9505,4945,1498935938,TR_3,SELL,UA_4,CR_2
CHFGBP,0.7819,1459,1499148566,,SELL,UA_10,
AUDNZD,1.0349,2447,1499009122,TR_4,,UA_5,
JPYZAR,0.1139,39,1499061358,,SELL,UA_1,CR_2
ZARGBP,0.0594,4369,1498942537,,SELL,UA_6,
CADNZD,1.0963,8729,1498924854,TR_4,,,
AUDEUR,0.6266,834,1499177788,,BUY,UA_8,CR_1
USDGBP,0.7568,7045,1498954206,,,UA_9,
EURJPY,136.9375,1154,1499178776,,,,CR_3
EURGBP,0.8905,5775,1498958386,TR_4,SELL,,CR_2
NZDCHF,0.7763,6049,1498965541,TR_1,,UA_10,CR_3
USDCAD,1.1956,110,1499104880,TR_3,,,CR_1
USDJPY,116.6503,8927,1499187100,,,UA_2,CR_3
NZDUSD,0.7728,3305,1498981462,TR_1,BUY,,CR_2
EURNZD,1.4378,8278,1499054679,,,UA_3,CR_2
CADEUR,0.7303,5274,1499191424,,,,
AUDGBP,0.5523,7902,1499122024,TR_2,SELL,UA_9,CR_3
USDEUR,0.8401,3210,1499005260,TR_1,,UA_8,CR_2
EURCHF,1.2014,218,1498972666,TR_3,BUY,,CR_2
AUDCHF,0.7618,8670,1499021073,TR_4,,,CR_3
ZARGBP,0.0609,2305,1498949182,TR_3,,UA_3,CR_2
ZARCAD,0.0904,2282,1498985358,TR_4,SELL,UA_9,CR_1
CADCHF,0.7502,5867,1498984442,TR_4,BUY,,CR_1
NZDCHF,0.7439,1397,1499043337,TR_3,,UA_2,
NZDAUD,0.9966,2209,1499099705,TR_1,,,CR_1
JPYUSD,0.0083,1493,1499117158,,SELL,UA_10,
NZDCAD,0.8607,79,1498906406,TR_5,SELL,UA_8,CR_2
EURZAR,14.0461,7130,1499089114,TR_5,SELL,UA_8,
USDGBP,0.8157,5401,1498959322,,SELL,UA_7,CR_3
AUDCAD,0.9034,5968,1498938436,TR_2,,UA_7,CR_1
JPYCHF,0.0093,420,1498960854,TR_4,,UA_8,
AUDZAR,10.4787,3137,1499196504,TR_4,,,
JPYAUD,0.0121,7637,1499027714,,,UA_3,CR_2
ZARAUD,0.1016,5032,1499140942,,,,CR_2
CADZAR,10.4882,3512,1499172424,TR_1,,,
CHFUSD,0.9881,2749,1499156030,TR_3,SELL,,CR_1
CADUSD,0.7537,6114,1498999802,,SELL,UA_8,CR_1
JPYCAD,0.0118,1232,1499173001,,,,
JPYAUD,0.0111,2091,1499127341,,BUY,,CR_3
CADNZD,1.0781,6386,1498981375,,SELL,UA_3,
USDZAR,11.934,4901,1498924355,,,,CR_1
USDEUR,0.7914,4674,1499047228,TR_1,BUY,UA_10,CR_3
CHFZAR,12.6539,310,1499195592,TR_1,,,CR_2
NZDCHF,0.802,4727,1499166738,TR_1,SELL,,
AUDEUR,0.6756,8174,1499085390,,SELL,,CR_2
JPYCAD,0.0107,1239,1498994872,,,UA_4,
USDNZD,1.4617,9985,1499165254,,BUY,UA_4,CR_1
NZDZAR,8.8345,4786,1499169669,,,UA_6,CR_3
AUDNZD,1.1352,7315,1498983811,TR_2,,UA_4,
AUDUSD,0.7733,7384,1499057038,,SELL,UA_8,
GBPEUR,1.1951,6120,1498980718,TR_5,,UA_4,
EURZAR,15.6786,6575,1499096841,TR_4,BUY,,
GBPJPY,157.2358,2848,1499012364,,,UA_2,CR_3
ZARJPY,8.0557,7854,1498932252,TR_2,,UA_6,CR_2
EURGBP,0.8092,8088,1499206209,,,,CR_1
JPYUSD,0.0096,6647,1498986285,TR_2,SELL,,CR_2
CHFAUD,1.2042,9640,1498988002,TR_3,BUY,UA_5,CR_2
NZDJPY,90.2307,5844,1499204473,,SELL,UA_1,
USDZAR,12.5236,1068,1499132603,TR_1,BUY,UA_6,
GBPJPY,144.2101,5490,1499145956,,,,
JPYUSD,0.0099,1105,1498897978,,,,CR_3
ZARCHF,0.0682,8255,1499078904,,,,CR_1
NZDCHF,0.7425,2561,1499196766,,SELL,UA_5,
USDCHF,1.0255,2295,1499121902,TR_4,BUY,UA_10,
GBPUSD,1.3764,4821,1499162011,TR_2,,UA_4,CR_3
CHFJPY,112.068,360,1499107901,,,,
ZARGBP,0.0534,4354,1498947755,,,UA_9,
NZDUSD,0.7769,6309,1499175646,,BUY,UA_2,CR_1
CHFAUD,1.1714,9624,1498998745,TR_2,,UA_3,CR_1
ZARGBP,0.0603,6638,1498915621,TR_3,,UA_1,
CHFEUR,0.7977,9086,1499001838,TR_4,,,
EURAUD,1.5075,4866,1499063581,TR_3,BUY,,
USDZAR,12.5967,2206,1499046059,,BUY,,
EURCHF,1.1753,1070,1499184731,TR_4,SELL,UA_3,CR_1
JPYGBP,0.0068,9342,1498922971,TR_5,,,CR_1
CHFGBP,0.8187,6859,1499138227,,BUY,UA_7,
JPYGBP,0.0066,5127,1499039769,,SELL,UA_5,CR_3
ZARJPY,9.1082,4340,1498938362,TR_5,BUY,,
CHFCAD,1.3272,5023,1499064304,,BUY,UA_10,
CHFEUR,0.8479,6545,1499035267,,,UA_9,CR_3
AUDZAR,11.3969,7870,1498896122,,BUY,UA_8,CR_3
CADZAR,10.9445,8781,1499102221,TR_5,,,
AUDZAR,9.4062,404,1499021432,,SELL,,
JPYAUD,0.0121,2593,1499007067,,,UA_8,
NZDCAD,0.9123,656,1498926458,TR_2,BUY,,CR_1
EURCHF,1.0887,2336,1499148490,,,,CR_1
NZDZAR,10.1091,8167,1499128015,TR_2,,UA_10,
JPYGBP,0.007,2247,1499087794,,SELL,,
JPYNZD,0.0124,7114,1498905829,,,,
ZARCAD,0.0983,7099,1499163245,TR_1,,UA_4,
CADGBP,0.5889,1898,1498986313,,BUY,,CR_1
AUDZAR,9.3989,1657,1498978526,,BUY,UA_9,CR_2
CHFUSD,0.9637,5032,1499166891,,,,CR_2
JPYZAR,0.109,9199,1499010972,,,UA_9,
ZARGBP,0.0533,31,1499113211,,,UA_9,
CADAUD,1.0539,1711,1498955569,,BUY,,CR_1
ZARGBP,0.0528,2609,1499008118,TR_3,SELL,,
JPYCHF,0.0095,658,1499050778,TR_4,BUY,,CR_3
EURAUD,1.5951,9615,1499051379,,,,CR_3
AUDUSD,0.7515,7594,1499088556,,,UA_9,
JPYNZD,0.0112,2152,1498984965,TR_3,SELL,UA_9,CR_1
AUDNZD,1.0518,4506,1499110918,TR_2,,UA_2,CR_2
AUDNZD,1.0854,558,1499204148,,SELL,,
JPYUSD,0.0083,4902,1499183723,TR_2,BUY,UA_3,CR_1
USDAUD,1.1285,3311,1498967577,,,,
NZDEUR,0.6982,3395,1499121892,,,UA_5,
EURJPY,133.4008,7961,1499090320,,,,CR_2
CADAUD,0.923,9757,1499024813,TR_4,,UA_3,
USDZAR,11.7708,1057,1499149102,,SELL,UA_2,
NZDUSD,0.8116,2556,1499127641,TR_3,,UA_5,CR_1
CHFZAR,13.3078,2920,1499169776,,,UA_3,CR_3
CHFNZD,1.2465,554,1499166404,,BUY,UA_3,CR_2
GBPJPY,135.5268,5138,1498905064,TR_5,BUY,UA_1,CR_2
NZDCAD,0.8997,5644,1499096978,,,,
NZDAUD,0.9561,3015,1499062600,,BUY,,CR_1
NZDCAD,0.9714,5141,1498906979,,,,
AUDUSD,0.7928,2288,1499160655,TR_3,BUY,,
EURAUD,1.4435,3425,1498896722,,,,CR_2
CADNZD,0.989,6258,1499012847,,,UA_6,CR_3
JPYZAR,0.1107,4307,1499052014,TR_3,SELL,UA_4,CR_3
JPYGBP,0.007,514,1499000013,,,,
USDJPY,113.5345,4036,1499056091,,SELL,,CR_2
CHFEUR,0.9109,4719,1499200702,TR_1,,UA_6,CR_1
NZDUSD,0.7124,6940,1499068017,,,UA_7,
NZDCHF,0.7604,4834,1499062743,TR_4,,,
CHFJPY,116.4745,8507,1498943948,TR_4,,UA_9,CR_2
CADUSD,0.8365,9414,1499163913,TR_5,,,
CHFNZD,1.3906,7350,1499050558,TR_2,BUY,UA_4,CR_1
GBPAUD,1.6549,3429,1498989497,,SELL,,CR_2
ZARNZD,0.0963,5986,1499093831,,,UA_3,CR_3
AUDGBP,0.6455,5641,1498990748,TR_1,BUY,,CR_3
CHFCAD,1.1861,571,1498980808,,BUY,UA_10,
JPYCAD,0.0107,6757,1499063596,TR_4,BUY,,
GBPEUR,1.0447,9896,1499192024,TR_4,,UA_10,CR_3
NZDGBP,0.621,8062,1499117715,TR_1,,UA_8,
EURAUD,1.5629,2988,1499083861,,,UA_8,
JPYGBP,0.0075,1225,1499153303,,SELL,,
NZDUSD,0.6832,4493,1499084563,,SELL,,CR_1
AUDCAD,0.9374,4446,1498911121,TR_1,SELL,,CR_1
USDNZD,1.4189,2443,1499057251,TR_3,,UA_4,CR_2
EURCAD,1.57,5317,1499107829,,BUY,UA_10,
ZARCAD,0.0878,4179,1499185375,TR_5,SELL,UA_10,
EURCAD,1.4988,4964,1499140844,TR_4,,,CR_2
NZDZAR,8.8865,6294,1499178700,TR_4,,UA_8,CR_1
JPYNZD,0.013,116,1498930014,,,,
EURCHF,1.22,8883,1499187884,TR_5,BUY,,CR_2
ZARJPY,8.544,8742,1499097097,,,UA_3,CR_1
NZDAUD,0.8916,4713,1499047085,TR_2,BUY,,
CADZAR,11.351,3362,1498930268,,,,
EURUSD,1.2148,6758,1499157750,TR_5,BUY,,CR_1
NZDUSD,0.7483,9825,1498898301,TR_4,BUY,,
ZARUSD,0.0709,3506,1498972071,TR_2,,UA_3,CR_1
USDZAR,12.9679,9077,1499106591,TR_5,,,
CHFGBP,0.7446,2769,1499192617,TR_2,,UA_6,
USDGBP,0.7391,6453,1499145659,TR_2,,,CR_3
CHFZAR,14.4517,376,1498977926,,,,
CHFEUR,0.9305,139,1498985746,TR_3,BUY,,CR_2
EURCHF,1.1348,7756,1498920613,,,,CR_1
EURNZD,1.6149,4362,1498993476,,SELL,,
AUDEUR,0.6885,1872,1499108971,TR_2,,UA_10,CR_2
ZAREUR,0.0656,7806,1499069393,TR_1,,,
ZAREUR,0.0609,670,1499022733,,,UA_4,
EURAUD,1.4022,4744,1499081515,,BUY,UA_9,
NZDEUR,0.7024,1742,1499159375,TR_5,,,CR_3
GBPCHF,1.1599,2059,1499022167,TR_1,BUY,,CR_3
USDEUR,0.8915,7418,1499095642,,SELL,UA_4,CR_3
CHFCAD,1.3839,7615,1499106163,TR_2,,UA_9,
GBPCHF,1.1602,7434,1499191916,,,,CR_3
EURUSD,1.2284,7209,1499068251,TR_2,SELL,UA_5,CR_1
NZDCAD,0.941,3026,1499071685,TR_3,,,CR_1
GBPJPY,133.3734,9304,1499139209,,BUY,,CR_1
USDJPY,100.6533,4560,1499038588,TR_3,BUY,,CR_1
ZARJPY,8.659,3848,1499194777,,SELL,,CR_1
NZDJPY,78.392,6071,1499028212,,,UA_1,
EURAUD,1.5506,5623,1498945817,TR_3,,UA_8,
AUDEUR,0.739,4476,1498948078,TR_4,,UA_3,CR_2
USDJPY,120.2383,7539,1499031138,TR_1,,UA_10,
USDGBP,0.8007,276,1498949140,,,UA_6,
EURNZD,1.5188,4064,1499139306,TR_2,,UA_2,
ZARJPY,7.7024,3347,1499146956,,BUY,,CR_3
CHFAUD,1.3804,8075,1499156104,,,UA_5,
AUDZAR,10.4449,1478,1499113110,,,UA_10,CR_3
EURNZD,1.4845,8328,1499159651,,SELL,UA_7,CR_2
CHFEUR,0.8849,4353,1499035979,,,,CR_2
CADAUD,0.9299,4642,1499040584,TR_5,SELL,,
USDJPY,120.0432,7771,1499037763,,BUY,UA_8,
CHFZAR,14.6681,2482,1499059144,,,UA_2,
CADNZD,1.1772,7987,1498999571,,,,CR_3
NZDGBP,0.5769,2594,1499190479,,SELL,UA_9,
CHFNZD,1.3201,252,1498903214,TR_2,,UA_5,CR_2
EURCAD,1.5887,9916,1499111207,TR_3,,UA_6,
NZDZAR,9.9908,1576,1499038661,,SELL,,CR_2
USDCHF,1.0621,9331,1499000486,,,UA_8,
GBPEUR,1.2129,1607,1498914589,,,,
CHFNZD,1.3446,7341,1499000239,,,,
GBPUSD,1.2686,9058,1498909144,TR_5,BUY,UA_3,CR_1
ZARCAD,0.0919,9031,1499114720,,,,
EURCAD,1.6033,5462,1499109954,TR_5,,,CR_2
JPYUSD,0.0086,3286,1499170840,,,UA_7,CR_1
GBPNZD,1.7863,3373,1499113864,,,,
GBPCAD,1.4759,6769,1499187346,TR_4,BUY,UA_7,
AUDCHF,0.8166,6948,1499179821,,SELL,,
ZARJPY,9.0658,7162,1499019829,TR_5,BUY,,CR_1
CADGBP,0.6687,6997,1498956021,,SELL,,CR_2
NZDZAR,10.773,8817,1499205897,,SELL,,
CHFJPY,125.5078,1427,1499133763,,SELL,,
JPYUSD,0.0096,6900,1498999526,,,UA_2,CR_1
NZDAUD,0.9326,2165,1499147612,,,,
USDNZD,1.3546,1474,1499135819,,,UA_7,
CADGBP,0.6736,9201,1498904225,TR_2,,,CR_2
ZARCAD,0.1027,9,1499073844,,BUY,UA_3,
AUDJPY,89.3011,9879,1498907804,,BUY,UA_8,CR_3
